2572 4688
417 257 523 332 ula.
549 259 579 332 Ι.
622 254 746 334 cir.
773 260 831 331 29-
1115 264 1164 334 te
1263 302 1264 309 ι

71 447 165 541 quod
181 448 317 537 egregia
336 447 464 517 virtute
478 457 577 518 erant
592 450 735 536 cogniti,
763 458 803 519 ut
815 449 987 521 infinibus
1001 451 1074 518 suis
1090 452 1162 518 col-

70 543 243 620 locarent,
271 540 458 620 concessit3
492 540 617 626 quibus
637 540 691 605 illi
712 561 812 627 agros
828 538 994 607 dederunt
1010 558 1163 629 quosque

71 635 194 716 postes
208 627 245 692 in
256 647 373 716 parem
386 627 474 693 iuris
488 626 727 714 libertatisque
739 626 962 694 conditionem
979 633 1080 715 atque
1092 627 1163 716 ipsi

71 720 431 800 erent,1eceperunt.
515 717 574 785 29.
608 712 650 781 In
671 716 795 782 castris
810 715 1044 783 Helvetiorum
1061 716 1162 781 tabu-

71 804 130 871 lae
149 808 307 893 repertae
328 807 410 869 eunt
431 801 559 870 litteris
582 800 723 871 Graecis
742 805 912 871 coniectae
926 811 961 870 et
979 804 1022 870 ad
1035 801 1162 873 Gaesa-
1264 798 1268 803 ’

58 997 64 1005 ·
143 979 173 1042 S.
185 975 213 1031 t.
240 977 385 1041 inparem
397 1005 434 1017 -
447 978 639 1040 conditionem]
665 981 709 1030 lta
725 979 828 1042 primus
846 977 956 1042 scripsit
971 981 1076 1046 Aldus,
1098 986 1164 1032 aute

108 1063 190 1115 quem
213 1048 358 1112 legebatur
381 1048 412 1098 tn
429 1051 547 1113 purtem
558 1064 594 1085 -·-
604 1050 778 1103 conditione.
811 1052 847 1101 Et
863 1050 1027 1115 importem
1043 1049 1165 1118 codices,

109 1118 156 1183 qui
173 1117 281 1182 quidem
298 1116 461 1169 accuratius¹
473 1118 566 1169 collati
579 1127 658 1186 sunt,
675 1131 768 1169 omnes
787 1119 899 1176 (Hamb.
913 1119 973 1169 sine
985 1119 1031 1178 iu)
1047 1118 1165 1171 nabent:
1228 1148 1230 1153 ·

108 1190 145 1238 de
162 1188 212 1239 cu.
229 1187 263 1236 N.
281 1186 353 1236 And.
367 1186 418 1237 ox.
437 1187 465 1235 Β.
483 1186 567 1238 vind:
581 1188 614 1237 F.
628 1195 750 1251 tacetur3
774 1195 801 1236 et
814 1188 978 1240 conditione
990 1188 1020 1238 in
1033 1188 1116 1250 Bcug.
1130 1187 1166 1238 A.

108 1261 160 1316 (ex
178 1268 230 1320 quo
248 1255 413 1307 Pldscbkius
431 1256 596 1311 condicione
617 1269 679 1308 cum
694 1256 861 1309 dubitatione
873 1260 907 1308 de
918 1267 1041 1308 extrema
1053 1258 1167 1320 syllaba

109 1326 212 1384 reteri]
237 1326 322 1378 Voss.
343 1326 400 1375 AB.
423 1326 501 1378 Laid.
525 1325 577 1376 Bc.
600 1327 671 1378 Lor.
696 1327 780 1377 Duru.
803 1329 875 1378 liar.
893 1329 929 1379 Α.
946 1328 996 1378 Dr.
1013 1327 1069 1375 AB.
1084 1326 1166 1377 Vrat.

109 1393 165 1445 Bc.
183 1395 265 1445 Goth.
283 1396 308 1445 A
326 1403 353 1445 et
374 1407 391 1443 a
409 1407 443 1446 ιιι.
461 1409 502 1459 pr.
514 1395 545 1462 Β.
557 1395 640 1447 Vind.
652 1395 758 1445 ADEF.
774 1397 827 1447 Gn.
842 1396 939 1447 liamb.
952 1397 1053 1448 exstat.
1077 1395 1166 1448 Prac-

111 1470 190 1516 tcrea
208 1476 257 1528 pro
276 1463 352 1515 iuris
368 1464 465 1515 Hamb.
483 1460 576 1530 utris,
600 1477 649 1529 pro
663 1465 865 1531 libertatisque
882 1465 952 1516 idem
968 1458 1177 1539 liberatisqqe,

110 1535 193 1587 Vrat·
219 1533 250 1584 C.
267 1535 348 1585 Vind.
373 1533 429 1584 cl).
449 1540 478 1583 et
502 1547 520 1585 a
542 1547 578 1584 m.
601 1549 642 1596 pr.
661 1535 708 1585 Dr.
726 1536 760 1586 Α.
778 1542 806 1584 et
821 1534 903 1584 Goth.
919 1534 949 1584 Β.
967 1546 1029 1584 cum
1044 1534 1123 1585 eom.
1139 1545 1169 1585 a.

110 1602 275 1670 libertatis,
296 1603 380 1653 Voss.
398 1605 424 1652 A
437 1615 501 1653 am.
516 1616 557 1666 pr.
579 1603 798 1669 libertatemque
819 1603 867 1653 rel
890 1604 1052 1661 (secundum
1071 1614 1167 1653 exeru-
1229 1604 1233 1613 '

109 1673 174 1736 piar
203 1670 339 1730 Fabricii)
367 1669 577 1738 libertateque,
609 1673 723 1736 denique
740 1685 790 1737 pro
807 1674 894 1736 atque
912 1672 998 1722 Voss.
1017 1671 1048 1721 Β.
1066 1671 1171 1737 prout,

110 1742 191 1806 ugni.
212 1747 240 1791 et
259 1742 342 1792 Vnst.
362 1741 397 1790 A.
420 1742 507 1805 utque
526 1743 561 1793 ut
581 1742 716 1791 exhibent.
757 1743 817 1793 Hac
835 1742 964 1791 librorum
982 1738 1169 1802 discrepantia
1195 1742 1203 1752 '

112 1809 279 1865 conficiendi
297 1808 417 1861 facultas
435 1811 533 1879 datur,
558 1817 586 1859 et
600 1811 667 1861 oud.
681 1809 797 1867 coniecit
809 1810 841 1860 iu
854 1811 969 1874 purtem
982 1809 1060 1861 luris
1077 1808 1168 1861 liber-
1274 1852 1278 1875 ,

113 1880 244 1948 tutisque
264 1878 427 1931 conditione
448 1893 499 1947 ee,
523 1879 610 1944 estque
625 1887 678 1929 etc.
686 1895 696 1943 3
720 1887 748 1930 et
761 1881 892 1930 dictiones
906 1878 939 1928 io
948 1881 1066 1943 purtem
1076 1890 1170 1943 prue-

111 1951 186 2015 dae,
211 1947 331 2000 bonorto
350 1947 508 2012 similesque
526 1949 647 2014 confert,
672 1944 699 1998 in
714 1949 811 2013 quibus
823 1961 895 2014 pers
912 1948 1069 2001 societatem
1081 1946 1170 2012 signi-

113 2018 190 2070 ficat.
224 2014 278 2068 Sed
291 2016 376 2081 quiin
389 2026 494 2079 partem
506 2019 625 2080 praedae
637 2018 781 2084 recipitur,
799 2018 824 2068 is
838 2017 940 2082 aliquid
952 2018 986 2067 de
1000 2019 1103 2080 praeda
1118 2030 1170 2070 ac·

113 2086 199 2151 cipit,
224 2097 278 2148 quo
295 2088 417 2137 detracto
436 2086 600 2152 reliquorum
619 2089 756 2149 portiones
770 2087 855 2138 minui
872 2099 987 2137 necesse
1000 2096 1060 2151 est,
1082 2095 1111 2136 et
1123 2085 1175 2152 qut

111 2155 144 2207 in
164 2155 273 2208 nonoris
289 2162 397 2218 partem
417 2156 509 2220 venit,
532 2159 583 2207 boc
596 2157 673 2222 ipso,
699 2158 770 2220 quod
783 2156 838 2208 iam
851 2157 885 2207 ad
898 2157 993 2218 plures
1006 2157 1091 2206 bonor
1103 2168 1170 2219 per-

113 2226 194 2292 tinet,
210 2224 341 2276 minorem
354 2221 431 2274 feeit.
467 2228 566 2289 ltaque
578 2226 606 2277 in
618 2227 687 2275 iuris
700 2227 889 2290 libertatisque
901 2234 1004 2288 partem
1017 2225 1104 2288 recipi
1115 2236 1171 2277 nun

113 2301 192 2348 recte
210 2293 318 2344 dicitur.
352 2293 570 2346 Additamentum
592 2304 684 2347 alitem
704 2294 869 2346 eoraditioue
881 2308 915 2346 eu
928 2297 980 2346 etc.
1003 2296 1105 2358 partim
1120 2308 1176 2348 su··

113 2374 319 2428 pervacanenm
334 2369 394 2431 est,
418 2364 518 2426 partim
537 2376 569 2415 eo
588 2364 731 2433 displicet,
757 2365 827 2430 quod
840 2377 874 2417 eu
886 2376 934 2428 pro
948 2363 1049 2415 eadem
1061 2372 1171 2427 praeter

115 2431 340 2484 consuetudinem
358 2431 476 2494 positum
496 2433 586 2484 habet.
627 2433 729 2489 contra
741 2433 841 2484 Aldina
852 2432 935 2484 lectio
947 2433 1093 2484 dictionem
1106 2435 1172 2497 pla-

114 2509 179 2553 nam
192 2504 228 2551 'et
249 2513 299 2564 per
316 2513 347 2551 se
368 2501 532 2570 probabilem
546 2502 667 2564 praebet.
691 2502 735 2553 ci.
749 2501 783 2571 5,
801 2504 850 2555 13:
874 2505 923 2561 [ex
937 2501 1085 2562 Hibernis)
1102 2501 1172 2565 part

114 2571 212 2637 spolio
232 2570 423 2621 transmissus
442 2573 530 2637 utque
550 2584 588 2623 eu
607 2569 701 2621 Gallio
719 2572 764 2622 est
783 2571 815 2621 iu
832 2571 1029 2639 Britanniam.
1064 2569 1126 2623 Gir.
1143 2574 1172 2636 3,

116 2641 185 2690 101:
201 2641 271 2705 puri
282 2640 370 2705 utque
381 2641 469 2693 uuteu
480 2641 597 2692 ratione
608 2642 740 2706 eperunt.
768 2639 873 2691 Deinde
887 2640 1001 2691 mutatio
1014 2639 1043 2690 in
1054 2641 1173 2704 purtem

115 2709 201 2761 valde
220 2708 354 2772 proclivis
372 2719 449 2778 erat,
475 2719 503 2760 et
518 2713 609 2762 tamen
622 2708 769 2772 vestigium
782 2721 868 2760 verse
883 2709 1036 2770 scripturae
1047 2709 1077 2759 iu
1093 2708 1174 2761 (ioth.

115 2778 149 2829 Β.
170 2784 309 2846 superest,
333 2778 379 2844 qui
392 2792 410 2831 a
424 2793 458 2830 m·
471 2794 512 2843 pr.
524 2780 680 2844 importem
694 2779 824 2844 habebat,
840 2780 912 2842 quod
924 2791 959 2827 ex
970 2777 1112 2843 imperem
1125 2792 1174 2831 cr-

116 2849 176 2898 tum
194 2848 312 2898 videtur.
345 2848 466 2912 Denique
484 2848 585 2911 aliquid
604 2856 693 2900 tamen
712 2847 820 2898 silentio
841 2850 875 2898 de
895 2845 1033 2897 codicibus
1052 2849 1123 2899 And.
1143 2856 1174 2898 et

116 2917 170 2967 οι.
191 2917 362 2969 tribuendum
381 2924 438 2984 est,
456 2918 656 2983 quibuscomes
668 2916 733 2970 alibi
748 2917 835 2968 Aldus
846 2929 866 2969 a
875 2915 1012 2982 prioribus
1023 2915 1174 2972 discessio-

115 2997 181 3039 nem
193 2985 301 3039 iaciens
315 2988 458 3040 consentit.

136 3156 251 3221 egregia
259 3155 373 3222 rutum]
384 3134 608 3224 Ablativirsqua·
701 3157 799 3224 sgros]
815 3155 843 3208 in
856 3170 891 3210 es
904 3163 982 3220 rorte
994 3163 1086 3210 terrm
1097 3157 1174 3210 llae-

82 3222 176 3294 iitetis
196 3235 241 3277 est
259 3226 345 3295 idem,
373 3229 420 3292 qni
438 3231 525 3281 verbo
546 3239 609 3280 esse
651 3228 738 3293 duae,
763 3240 832 3290 quae
852 3229 887 3278 ed
907 3227 1075 3279 occidentem
1094 3235 1123 3278 et
1139 3229 1175 3279 ad

83 3296 214 3360 coniungi
234 3297 320 3365 solet,
344 3301 416 3360 quod
435 3299 524 3361 ipsum
545 3299 610 3348 bre·
651 3297 788 3360 llitoriges
803 3297 954 3360 spectabat.
977 3297 1019 3348 ct.
1031 3298 1059 3364 7,
1071 3297 1090 3344 a
1103 3303 1174 3348 extr.

84 3365 183 3417 vitatis
200 3366 429 3418 ceusaomissum
447 3370 499 3420 est.
535 3368 610 3417 inter
704 3364 829 3428 cap.29.
847 3364 913 3426 S.·1.
946 3365 1176 3418 litterislirae'ois

22 3446 24 3450 ·
83 3437 216 3499 exempla
238 3437 274 3488 ab
291 3437 488 3501 interpretibus
508 3437 611 3488 collata
653 3438 809 3495 coniectae]
832 3448 886 3487 non
899 3436 1010 3503 verbis,
1035 3438 1086 3487 sed
1099 3437 1175 3486 litte·

82 3503 235 3568 praecipue
253 3513 319 3569 apta
337 3508 400 3557 suut
415 3506 497 3558 baec:
521 3504 610 3556 'faciti
652 3507 709 3574 ris,
726 3517 796 3569 quae
812 3506 922 3569 proprie
939 3505 1074 3557 dicuntur.
1109 3506 1175 3558 Ser·-

84 3575 158 3624 Διιιι.
171 3576 223 3639 18,
235 3576 269 3624 b:
286 3576 419 3627 Burrum
431 3577 461 3627 et
472 3578 611 3628 Senecam
652 3575 739 3626 monis
753 3573 826 3625 enim
838 3574 940 3627 Graeci
952 3575 1054 3638 peritos
1068 3572 1176 3627 caesar

84 3645 611 3711 multerumrerumeuperieutieco-
653 3643 797 3696 Helvetios
816 3657 870 3696 nou
888 3645 976 3709 magis
995 3643 1108 3696 novisse
1130 3643 1175 3694 ri-
1266 3685 1275 3700 .

84 3712 193 3780 pultes.
218 3711 277 3764 cic.
291 3715 362 3766 Pbii.
376 3718 420 3782 13,
437 3717 472 3765 σε
491 3727 612 3780 mmque
653 3716 747 3778 detur,
765 3726 845 3776 quam
854 3715 989 3779 Nervios,
1006 3725 1074 3778 quos
1087 3714 1186 3777 impe-·

84 3781 256 3850 capucciese
285 3784 473 3849 paratissimo
504 3785 610 3838 auimo.
653 3783 867 3854 ritosluisseb,
885 3782 922 3836 ts
941 3795 998 3834 uon
1011 3786 1107 3849 dccet,
1125 3783 1175 3834 sed

86 3854 117 3902 et
139 3852 230 3916 ipsius
258 3851 391 3938 caeseris
411 3853 446 3921 5,
468 3857 503 3904 6:
536 3855 611 3919 quod
652 3853 954 3936 omnibusnotumesse
969 3854 1055 3920 punit,
1068 3855 1174 3905 autul-

88 3922 611 4060 wmmguoqtanqqqsuggyossm
653 3923 1176 4061 qqq'aqqmmqqqqrqqageqqanq

90 4061 160 4111 Nem
172 4073 207 4111 eo
219 4063 283 4117 loco
292 4061 409 4130 genitivi
417 4064 489 4118 tatio
498 4074 612 4131 prorsus
654 4061 772 4130 litteris,
795 4065 845 4114 sed
858 4062 942 4116 etiam
951 4061 1047 4114 verbis
1059 4059 1177 4136 Graecis

91 4136 135 4180 est
145 4131 252 4185 sedem
654 4132 797 4187 coniectae
814 4131 949 4203 merent,
972 4133 1030 4186 tou
1050 4129 1177 4197 ambigue
