2572 4688
142 287 190 361 ao
404 280 478 354 ns
505 220 687 353 aaran
716 276 972 354 aasnroo

84 492 87 502 ’
143 471 253 564 gatis,
273 469 382 554 vonit,
402 476 438 537 ot
451 470 556 557 legati
570 467 614 537 ad
628 491 704 538 eurn
718 475 950 554 mutarunt,
970 476 1073 558 nogat
1086 491 1125 539 se
1140 490 1239 540 rnore

143 570 181 631 et
201 561 353 648 exemplo
375 560 493 648 populi
509 558 654 625 Romani
668 578 771 648 posse
785 560 854 626 itan
867 560 932 626 ulli
950 581 1012 647 por
1024 561 1238 649 provinciam

144 649 246 730 dare,
274 655 310 712 et
331 647 369 737 si
384 647 451 713 vim
472 647 585 712 iacere
598 646 1054 736 conenturq'prohihiturum
1067 648 1239 735 ostendit.

102 727 123 792 4
144 734 295 806 Helvetii
307 754 346 799 aa
362 754 423 822 spa
436 732 560 799 deiecti
574 732 716 801 naribus
728 734 854 807 iunctis
867 734 1065 823 ratibusque
1081 738 1240 824 compiu-

144 824 241 897 rihus
255 820 378 902 iactis,
400 820 459 897 alii
472 818 569 887 vadis
582 819 750 904 Rhodani,
771 843 839 911 qua
856 822 993 888 minima
1009 821 1157 891 altitudo
1173 825 1238 890 iiu-

143 914 245 987 sninis
259 915 353 989 erat,
372 929 608 996 nonnunquam
619 908 788 991 interdiu,
814 911 952 998 saepius
966 917 1086 991 noctu,
1110 911 1142 976 si
1156 933 1238 1001 per-

143 1018 302 1088 rumpere
312 1002 473 1085 possent,
490 996 602 1063 eonati
615 995 729 1085 operis
744 996 927 1063 munitione
942 1004 978 1063 et
990 999 1137 1064 militurn
1154 1021 1236 1065 eon-

141 1109 249 1156 eursu
270 1090 306 1151 et
326 1084 406 1150 telis
428 1084 559 1172 repulsi
579 1084 640 1149 hoe
658 1092 782 1150 conatu
799 1082 1017 1154 destiterunt.
1103 1089 1139 1153 9.
1166 1086 1238 1152 Re-

142 1172 362 1265 linquebatur
383 1192 451 1239 una
472 1192 536 1263 per
557 1170 733 1261 Sequanos
751 1170 827 1255 via,
853 1193 921 1262 qua
936 1170 1104 1263 Sequanis
1116 1174 1236 1242 invitis

177 1357 289 1404 ventum
309 1349 452 1414 videatnrq
484 1348 533 1400 sei
550 1349 647 1417 possit
665 1359 702 1402 an
719 1350 819 1415 posset
830 1346 935 1402 Caesar
950 1348 1108 1414 scripserit,
1123 1348 1237 1403 dubium

177 1424 230 1488 est.
254 1421 339 1483 song.
351 1419 408 1472 Ac.
421 1420 480 1472 ret
493 1419 542 1472 cu.
548 1420 632 1473 Voss.
644 1420 701 1473 AB.
712 1419 791 1472 isio.
804 1421 839 1470 A.
853 1421 930 1483 ligrn.
941 1419 1131 1487 Parisienses,
1150 1421 1235 1471 vind.

175 1483 236 1542 Alit
253 1483 283 1541 'et
299 1490 342 1539 sil.
355 1491 427 1542 ven.
446 1489 468 1540 i.
491 1496 519 1540 et
533 1489 705 1554 praesentia,
721 1502 790 1552 quac
803 1491 983 1554 praecedunt,
1005 1488 1082 1550 prius
1094 1502 1237 1540 commen-

146 1560 149 1565 '
177 1554 409 1623 ianiapostorius
424 1559 459 1610 ob
471 1559 641 1611 interiectum
651 1561 831 1610 conarentur
844 1559 934 1622 magis
947 1560 1048 1622 placet,
1065 1558 1137 1621 quod
1150 1571 1235 1620 prae-
1256 1598 1258 1603 .

177 1624 295 1683 sentiunt¹
314 1628 424 1681 illorum
442 1627 682 1696 significationem,
708 1640 777 1690 quae
797 1627 927 1679 historica
946 1626 1061 1694 dicitur,
1085 1626 1234 1677 scribentis

177 1692 268 1773 anino
288 1695 463 1750 obversatum
480 1696 566 1749 tuisse
580 1690 673 1766 docet,
696 1696 777 1761 quam
790 1710 840 1749 cur
851 1703 948 1762 postca
958 1693 1121 1761 (omitteret,
1145 1707 1235 1747 causa

175 1775 240 1819 erat
250 1766 334 1823 nulla.
368 1769 404 1817 lit
416 1774 507 1818 exstat
520 1760 548 1817 in
561 1765 610 1818 Dr.
621 1766 658 1818 A.
670 1753 750 1819 Vrat.
763 1758 819 1815 sii.
833 1758 914 1817 vinc.
927 1764 957 1814 li.
970 1766 1022 1815 (iu.
1036 1765 1133 1815 llamb.
1147 1766 1233 1814 Bonn.

177 1836 263 1901 Bong.
282 1836 313 1887 li.
334 1834 408 1887 Gott.
427 1835 507 1886 editis
528 1843 592 1887 ante
612 1838 682 1887 ven.
703 1835 724 1885 1.
742 1835 807 1885 item
822 1833 851 1886 in
864 1837 1072 1897 Aiaetsnpn.
1087 1833 1157 1887 etin
1172 1836 1232 1884 cod.

177 1906 302 1971 nans,
315 1904 395 1954 cuius
409 1904 598 1956 auctoritatem
609 1912 722 1955 secutus
734 1910 778 1954 est
790 1903 984 1968 iliter-lingitis.
1010 1904 1151 1967 Exemplis
1166 1903 1234 1954 nihil

177 1971 313 2038 eflicitur,
339 1987 401 2025 oum
417 1973 447 2023 in
465 1981 605 2036 utramque
628 1980 736 2037 partem
755 1976 865 2036 praesto
888 1973 943 2023 sint
960 1980 988 2023 et
1007 1973 1116 2023 codices
1129 1972 1234 2035 paritor

176 2043 295 2094 varient.
330 2043 429 2092 Nostro
441 2043 501 2093 looo
514 2054 648 2104 praesens
661 2041 750 2105 tutius=
759 2040 884 2108 vitietur,
906 2043 956 2092 sed
975 2041 1000 2091 si
1020 2051 1132 2106 praeter
1144 2043 1233 2095 nomi-

175 2120 257 2164 natos
277 2111 361 2162 libros
378 2109 466 2174 aliqui
486 2110 563 2176 boni,
587 2112 665 2168 velut
684 2111 754 2161 Anti.
773 2112 802 2161 ct
816 2111 884 2180 On,
907 2109 1052 2176 dequibus
1067 2110 1134 2162 Oui.
1147 2112 1232 2180 tacet,

177 2183 295 2234 alterum
307 2178 495 2246 praebuerint,
512 2178 599 2244 recipi
614 2179 730 2230 debebit.
1228 2211 1231 2217 »

210 2246 238 2310 S.
252 2253 278 2298 3.
311 2250 500 2309 reverterunt]
526 2251 722 2301 revertuntur
742 2247 771 2300 S.
792 2247 845 2299 auc
862 2246 1013 2300 heldenses
1036 2249 1074 2308 (li
1088 2255 1117 2300 et
1131 2246 1163 2300 c.
1178 2248 1231 2299 nisl

175 2316 275 2378 fallor)
296 2318 366 2382 lieg.
386 2319 483 2369 liamb.
498 2318 581 2369 vinu
602 2320 631 2367 li.
650 2327 678 2368 et
698 2329 717 2368 a
729 2329 764 2367 ιιι.
780 2331 820 2378 pr.
834 2318 883 2368 Dr.
897 2319 931 2367 A.
964 2319 995 2368 iu
1008 2318 1075 2370 Oui.
1088 2319 1231 2381 probabat,

175 2387 286 2438 collatis
306 2386 423 2454 locist,
441 2389 473 2437 11
498 2388 551 2447 (od
563 2401 628 2438 eom
639 2387 727 2453 sequti
739 2389 951 2448 revertuntur)
975 2386 1011 2455 5,
1029 2389 1061 2437 11
1095 2387 1172 2452 (ipse
1192 2388 1232 2439 oei

174 2469 265 2507 noces
276 2457 459 2516 revertitur)
475 2463 504 2506 et
515 2455 588 2508 aliis.
623 2456 762 2518 Exemplis
774 2457 823 2505 vix
837 2468 904 2518 opus
919 2463 993 2508 erat:
1018 2455 1099 2506 imno
1113 2457 1231 2518 scripto-

175 2538 223 2578 res
244 2525 278 2577 ati
297 2533 403 2592 tempus
421 2535 554 2588 praesens
574 2525 689 2577 iornan
707 2525 829 2577 activam
848 2524 975 2576 adhibere
995 2537 1052 2578 non¹
1069 2527 1158 2576 solent
1186 2530 1232 2586 (ut

174 2591 306 2647 ciarnius
326 2596 361 2651 ad
385 2596 413 2661 7,
436 2591 453 2645 5
480 2589 652 2654 observavit)
679 2606 733 2645 non
752 2594 858 2658 magis,
888 2607 968 2658 quam
989 2595 1024 2645 aci
1041 2592 1232 2656 imperfectum

176 2664 296 2733 Caesar,
318 2676 407 2727 nequo
428 2663 561 2726 passivae
579 2662 686 2715 caesar
704 2663 861 2726 praeteritis
880 2677 948 2714 usus
961 2665 1005 2714 est
1019 2671 1131 2727 practer
1142 2665 1232 2727 parti-

173 2733 283 2799 cipium.
317 2733 371 2784 Sed
391 2729 435 2781 irio
453 2732 653 2796 respiciendum
672 2740 716 2782 est
735 2733 904 2795 praecedens
924 2732 990 2798 obi,
1014 2733 1085 2797 quod
1099 2733 1153 2784 etsi
1169 2747 1232 2785 oum

173 2801 313 2868 praesenti
319 2801 453 2869 ,historico
465 2802 587 2853 construi
599 2804 705 2869 potest,
720 2804 751 2853 ut
763 2805 796 2867 2,
812 2803 847 2851 9:
870 2801 919 2851 aba·
935 2803 1037 2854 neutri
1056 2802 1233 2854 transeundi

173 2868 290 2926 initiam
303 2869 435 2938 faciunt,
451 2873 502 2922 lroc
514 2880 604 2923 tamen
618 2872 679 2921 loco
686 2902 698 2938 ,
715 2883 776 2922 oum
787 2869 869 2922 osuit
882 2871 1042 2922 hauddubie
1054 2871 1232 2935 praeteritum

108 2940 111 2945 '
176 2943 230 3006 sit,
252 2942 369 2993 aiterum
381 2941 558 3002 praeteritum
573 2939 690 3005 rectius,
707 2952 786 3001 quam
800 2952 950 3010 praesens,
966 2941 1121 2992 adiunctum
1138 2937 1231 2994 habet.

59 3052 66 3061 .
175 3012 208 3064 ln
221 3010 303 3062 Vini.
318 3011 353 3060 Α.
367 3010 448 3061 Vrat.
460 3011 495 3060 A.
507 3016 550 3059 est
561 3011 799 3061 reverterentur.
831 3056 835 3061 .

191 3079 237 3141 ¹8.
250 3076 277 3128 t.
312 3078 377 3138 alii]
406 3077 478 3128 liuio
497 3079 614 3129 aiterum
631 3078 684 3130 otii
704 3077 814 3140 Lipsius
833 3076 962 3145 prinum,
987 3085 1044 3128 turn
1063 3078 1188 3143 caliget
1200 3088 1230 3131 et

176 3147 314 3202 Graevius
332 3150 563 3214 praeposuerunt,
588 3149 710 3198 tortasse
726 3160 762 3198 ex
777 3148 862 3216 Lon,
884 3149 954 3210 quod
968 3159 1021 3197 non
1034 3149 1111 3198 mocio
1130 3159 1231 3199 neces-

177 3219 298 3283 sarium,
322 3219 371 3268 sed
385 3229 421 3266 ne
440 3224 532 3278 aptum
543 3216 649 3280 quiden
661 3224 712 3268 est.
745 3217 836 3266 Semel
849 3217 938 3279 posito
951 3216 1060 3278 partitio
1073 3217 1230 3281 inaequalis

177 3285 362 3354 significatur,
391 3291 421 3336 ot
439 3285 493 3338 olii
510 3285 554 3335 illi
571 3287 715 3352 pauciores
741 3293 819 3335 sunt:
850 3285 875 3334 si
899 3285 942 3335 bis
968 3285 1110 3354 posueris,
1138 3285 1231 3350 magis

176 3357 306 3419 aequales
326 3361 420 3418 partes
439 3342 561 3407 habebis.
602 3355 686 3420 Atqui
706 3361 915 3405 consentaneum
935 3360 978 3404 est
997 3356 1078 3419 longe
1098 3356 1231 3419 plurimos

176 3424 366 3478 Helvetiorum
381 3431 431 3486 per
442 3429 532 3475 naves
544 3432 671 3490 ratesque
684 3425 803 3487 pontium
815 3423 903 3474 instar
916 3423 1024 3475 iunctas
1043 3424 1161 3475 transire
1181 3437 1231 3476 oo-

176 3503 256 3547 natos
267 3506 345 3561 esse,
363 3499 467 3556 partem
479 3493 607 3546 minorem
621 3498 695 3545 vada
707 3502 837 3545 tentasse.
871 3493 966 3556 ltaque
979 3495 1101 3546 narratio
1115 3495 1231 3558 primurn

175 3564 217 3618 ita
229 3562 394 3628 instituitur,
411 3569 441 3612 ut
454 3572 547 3612 omncs
557 3562 606 3614 iilo
618 3567 696 3614 modo
709 3563 825 3613 transire
837 3561 961 3611 voluisse
974 3563 1133 3635 videantur,
1150 3564 1230 3617 deiu-

176 3636 211 3687 ‹ia
224 3633 339 3687 aliorum
351 3638 442 3685 tanen
456 3632 530 3686 allud
543 3631 632 3687 tuisse
645 3631 788 3686 consilium
803 3633 956 3684 doceamur.

191 3805 220 3867 s.
235 3805 260 3858 8·
295 3808 392 3872 negat]
417 3805 664 3876 01.ι.(1ιιοι.α<12,
706 3819 776 3870 quae
789 3803 994 3859 adimitandum
1007 3803 1119 3870 proponi
1132 3803 1232 3870 possit.

140 3877 175 3931 81
192 3876 220 3938 8.
234 3879 260 3927 t.
706 3875 753 3927 sio
764 3875 827 3929 civ.
841 3879 874 3944 1,
890 3877 909 3928 6
931 3874 1034 3941 privati
1052 3875 1166 3928 lictores
1179 3879 1233 3927 lra-

706 3945 800 3996 buisse
812 3945 938 3996 dicuntur
949 3948 1056 3997 contro
1067 3947 1166 3998 omnio
1177 3959 1231 3998 vo·

194 4012 317 4074 exemplo
331 4012 422 4076 populi
433 4013 563 4076 Romani]
585 4011 662 4079 ⁵itaci>
706 4014 830 4066 instatis
849 4017 1001 4081 coempta,
1032 4016 1059 4064 ln
1083 4029 1110 4067 e.
1134 4023 1232 4067 contra

140 4080 215 4148 ient,
239 4082 297 4138 itti
313 4082 360 4139 boi
372 4079 409 4141 ii.
423 4079 463 4142 ii.
483 4078 662 4150 ἰπᾶῐιιιῐίὠειι
705 4090 788 4148 atquo
814 4096 930 4150 unquam
947 4084 1020 4150 opud
1044 4085 1163 4138 muetos
1183 4086 1231 4138 ta-

138 4145 341 4222 atrectatu.
359 4155 662 4225 Exemplunestactio,
705 4145 837 4207 otumsit.
