2572 4688
149 280 220 381 ota
416 214 488 343 ne
511 267 971 369 enunounntrco

154 463 215 535 titi
228 459 443 545 dicebantur,
463 460 503 529 si·
529 480 567 527 er
579 460 646 535 tin
658 460 799 529 namins
814 460 937 529 flumen
949 454 1099 525 mansino
1113 475 1233 523 oenen-

17 556 24 653 ζ
112 556 231 643 s‘tnr,
252 550 440 640 prohibeat.
503 480 545 615 Β.
561 544 722 617 Crassum
734 570 809 617 cum
823 543 1233 631 cohortibuslegionariis

153 662 219 710 ιιι.
239 647 274 707 et
292 659 415 723 magno.
427 656 564 703 numero
581 638 753 725 equitatus
770 636 806 703 iu
821 635 1050 723 Aquitaniam,
1061 630 1235 722 proficisci

136 726 258 811 iubet,
274 747 316 792 ns
329 727 382 791 his
392 747 432 793 ex
446 723 636 790 nationibus
650 724 775 793 auxilia
787 725 822 789 in
831 723 978 808 Galliam
992 723 1187 801 mittantur,
1196 741 1234 787 ae

110 812 132 881 4
152 820 266 885 tantae
279 812 430 880 nationes
444 811 698 897 coniungantur.
763 810 929 899 Quintum
940 809 1118 883 Titurium
1136 806 1235 875 Salti-

112 898 115 903 ’
147 918 232 969 uum
247 903 395 985 legatum
410 922 484 966 eum
503 900 690 984 legionibus
706 899 820 967 tribus
834 900 870 966 in
884 898 1049 978 Vnellos,
1071 896 1234 979 Curiosu-

150 984 232 1058 lites
258 986 490 1075 Lexouiosque
514 987 641 1070 mittit,
676 986 737 1076 qui
757 979 830 1055 eam
853 1007 987 1054 manum
1006 982 1233 1052 distinendam

185 1142 288 1211 auxilio
313 1152 504 1208 arcessunt-ur,
533 1146 594 1196 iere
616 1143 668 1210 iis,
694 1143 827 1212 aquibus
843 1136 1037 1209 ascensentur,
1059 1144 1137 1196 ierre
1152 1139 1233 1193 anxi-

151 1212 157 1221 '
185 1216 251 1271 lium
275 1216 416 1266 iubentur:
446 1216 474 1265 iri
496 1227 563 1265 vero
580 1227 598 1267 a
614 1214 707 1280 Belgis
726 1214 853 1266 arcessiti
869 1225 925 1265 non
942 1213 1052 1280 Belgis,
1076 1215 1128 1263 setl
1144 1210 1233 1263 Gallis

184 1282 286 1337 auxilio
304 1283 389 1335 mturi
405 1286 491 1335 erant.
525 1286 595 1335 iiiuc
609 1297 662 1337 nou
676 1285 772 1337 inutile
784 1287 877 1336 natum
890 1285 1030 1348 glossema
1041 1280 1150 1348 Gallis,
1165 1281 1234 1345 quon

183 1362 280 1418 postea
302 1350 437 1416 genuinae
461 1349 613 1417 scripturae
635 1356 697 1405 loco
720 1359 858 1420 receptum
878 1354 988 1403 videtur
1002 1352 1038 1402 ab
1055 1351 1164 1417 aliquo,
1189 1349 1234 1412 qui

183 1437 204 1476 o
225 1422 323 1488 lirinis
346 1422 497 1473 arcessitos
515 1424 666 1474 Germanos
683 1434 815 1473 essenon
833 1423 958 1487 creieret
975 1428 1139 1484 propterea,
1164 1419 1234 1482 qued

183 1492 230 1557 qui
252 1490 398 1543 contineri
422 1490 450 1541 ln
473 1491 564 1544 cincio
586 1492 760 1555 iuberentur,
782 1505 830 1542 eos
848 1504 911 1542 esse
927 1493 1015 1542 adhuc
1030 1489 1060 1540 in
1075 1488 1168 1538 officio
1184 1500 1234 1537 ne-

165 1566 264 1613 'cesse
289 1568 383 1627 esset,
411 1559 456 1624 qui
480 1573 549 1613 vero
572 1561 676 1612 auxilia
691 1563 786 1613 contra
801 1562 937 1611 Romanos
953 1560 1147 1622 arcesserent,
1171 1556 1234 1607 olfi-

183 1627 255 1680 eium
281 1628 335 1680 iam
358 1629 554 1680 deseruissent.
587 1632 642 1684 Sed
655 1631 756 1696 Belgae
772 1630 942 1682 dicebarttnr
960 1629 1029 1681 illut
1045 1628 1150 1695 ieciqse
1167 1638 1234 1677 neo·

80 1734 88 1741 -
183 1699 247 1750 ilum
265 1706 360 1762 aperte
379 1699 590 1751 rebellaverant.

217 1767 245 1828 8.
259 1763 288 1818 l.
320 1767 421 1828 tribus]
448 1769 532 1833 Bong.
554 1770 590 1820 A.
610 1767 660 1819 Dr.
684 1765 836 1818 Militat.
859 1765 938 1819 ABG.
960 1765 1041 1818 Goth.
1058 1763 1116 1817 nn.
1133 1762 1234 1815 ilamb.

183 1833 265 1891 Vina
283 1837 317 1885 A·
334 1837 395 1886 edd.
410 1846 471 1888 ente
489 1839 553 1890 Ald.
569 1848 631 1899 nep.
650 1837 745 1902 Turn,
767 1846 822 1887 non
839 1850 889 1888 ιιι.

157 1902 178 1911 ''
218 1903 409 1973 Curiosoiites]
437 1907 521 1970 Bong.
546 1907 581 1957 Δ.
604 1907 662 1958 Pet.
685 1916 742 1956 sec.
764 1902 850 1957 cono.
872 1904 953 1956 notu.
973 1904 1009 1965 A·
1025 1900 1110 1955 Vina.
1131 1898 1235 1971 noun,

140 1978 143 1983 ’
183 1970 261 2024 Rom.
279 1983 306 2023 a
323 1975 395 2026 Mei·
413 1986 438 2026 a.
456 1978 527 2028 ven.
547 1978 568 2026 i.
593 1973 779 2027 Coriosolites
796 2007 816 2039 „
824 1975 900 2025 MSS.
917 1971 1040 2037 plerique
1055 1979 1084 2023 et
1102 1973 1144 2021 etl.
1157 1966 1235 2021 inc!b

184 2042 267 2092 Voss.
291 2042 326 2090 A.
342 2045 419 2106 ligm.
435 2044 505 2095 Itur.
523 2056 580 2094 sec.
596 2044 678 2094 Febr.
698 2045 746 2095 Dr.
763 2045 819 2093 AB.
838 2042 917 2093 Goth.
935 2043 965 2091 B.
983 2042 1080 2103 lierni.
1099 2040 1153 2090 (in.
1177 2037 1235 2089 Ort-

183 2109 333 2162 riosolttos
350 2113 430 2162 vrat.
445 2115 480 2162 Α.
504 2113 699 2167 ccreoscereos
717 2114 788 2164 Duk.
814 2110 1005 2164 Coriosolites
1021 2110 1105 2162 Vrat.
1123 2108 1155 2159 il.
1180 2107 1235 2158 co-

160 2178 332 2230 'rlosolttes
355 2180 437 2231 Vrat.
462 2181 492 2232 c.
509 2183 591 2232 Vind-
614 2184 649 2232 A·
672 2183 882 2235 Gariroselitns
899 2182 969 2233 Ven·
986 2181 1029 2229 ie.
1045 2180 1107 2230 Ber.
1129 2176 1236 2228 Ourio-

184 2248 287 2299 solttas
310 2249 371 2300 rell.
397 2250 473 2315 etin,
504 2260 534 2300 ut
556 2262 640 2311 snpra
657 2248 713 2303 c'..7
732 2250 790 2312 §.4
809 2260 838 2301 et
855 2254 887 2316 2,
904 2247 955 2314 ³4,
979 2259 1094 2317 qnorum
1111 2246 1235 2299 locorum

184 2327 273 2369 causa
296 2316 452 2387 deseruisse
475 2319 692 2381 euoenuorplun
709 2319 818 2385 coelites¹
835 2322 861 2369 lt.
882 2320 902 2369 l.
920 2321 1054 2381 suspicor.
1088 2316 1144 2367 Sed
1163 2315 1235 2366 (iae-

159 2390 164 2399 '
183 2384 395 2515 iirgmem'tiiss
418 2388 650 2442 terminationibus
674 2388 730 2443 sibi
750 2400 805 2445 nou
827 2395 953 2441 constare
969 2387 999 2439 iu
1014 2387 1076 2439 ain.
1092 2398 1137 2436 er.
1152 2386 1190 2436 un
1209 2387 1235 2450 l,

199 2464 202 2471 ·
256 2487 262 2502 .
309 2469 340 2504 vr
368 2468 437 2505 mue.
611 2502 614 2507 ,
1146 2472 1153 2487 κ

158 2524 270 2645 ’Βιιιιιίι
286 2526 491 2647 εῧιιιᾱιιιὸηιιω]
514 2486 539 2578 e'.
564 2536 592 2595 q.
616 2538 655 2580 m.
677 2526 750 2588 Vell-
773 2541 799 2581 e·
820 2527 883 2577 Ber.
915 2522 965 2593 qni
986 2520 1098 2588 semum
1113 2520 1236 2576 nonium

208 2606 231 2644 re
272 2627 280 2643 ο
324 2607 379 2646 ins
418 2626 426 2645 e

199 2746 266 2811 82.
292 2751 391 2801 numen
404 2749 538 2811 transire]
556 2751 669 2818 liquos
710 2763 762 2816 que
784 2748 972 2811 duceminire
995 2761 1020 2801 o.
1042 2750 1080 2802 17
1100 2758 1234 2799 muntem

149 2814 230 2870 tertio
251 2831 322 2870 nuno
343 2821 406 2871 ante
425 2822 520 2872 eadem
540 2819 567 2870 in
589 2826 668 2885 parte
710 2819 817 2885 imperii
834 2828 926 2871 tenere
944 2817 1061 2871 omniurn
1077 2817 1105 2869 ci
1127 2819 1233 2883 'tatum

148 2889 242 2940 iacere
261 2887 345 2940 snevl
365 2889 457 2941 conati
477 2897 564 2979 eraut.
595 2892 667 2946 vine
710 2892 959 2958 quaeieieoerant,
975 2832 1133 2952 accipiunt
1158 2887 1234 2936 ilinc

149 2959 184 3024 1,
200 2958 244 3008 37·
710 2958 826 3024 intelligi
850 2962 956 3025 potest,
989 2972 1038 3009 cur
1060 2955 1235 3020 urimenus

199 3023 226 3084 8.
241 3028 266 3074 3.
293 3025 323 3075 Ρ.
336 3024 480 3086 cressum]
497 3029 587 3097 fluns,
605 3029 669 3095 qula
710 3030 787 3081 aine
800 3031 893 3079 iussae
908 3029 963 3078 sint
976 3028 1113 3092 legiones,
1132 3038 1233 3089 quam-

146 3095 229 3158 paulo
241 3101 304 3143 ante
318 3095 464 3159 aliquoties
473 3110 668 3153 commemora·
711 3112 790 3161 quam
810 3099 841 3149 in
859 3097 993 3149 sociorum
1005 3109 1114 3149 numero
1128 3110 1156 3148 c.
1169 3097 1189 3144 9
1205 3093 1233 3154 8.

145 3166 201 3231 ips.
211 3161 323 3225 eiusque
342 3166 493 3229 legatorum
514 3180 601 3223 cauae
624 3175 669 3220 to-
709 3169 728 3223 8
745 3168 828 3221 relati
839 3181 892 3218 nou
906 3175 978 3217 sumt.

148 3238 205 3283 turn
224 3232 274 3280 lion
294 3233 394 3284 bellum
408 3241 599 3306 exortumest,
615 3249 669 3292 no-
761 3252 821 3289 eam
848 3237 969 3295 menum]
998 3235 1059 3286 Non
1078 3232 1162 3285 aliter
1181 3236 1233 3284 lroo

53 3348 56 3354 ,
147 3299 219 3359 nine
232 3302 467 3368 seiumdesignet.
675 3350 679 3357 .
710 3306 811 3361 dietum
830 3312 874 3358 est
892 3319 926 3359 ao
946 3306 1027 3371 paulo
1046 3306 1110 3357 aute
1124 3315 1166 3355 eae
1185 3299 1233 3369 aja

166 3390 169 3395 ·
199 3369 370 3433 ¹⁶Si⁰l¹trii⁸i
389 3376 449 3427 Hoc
462 3379 669 3439 promereatu-
709 3376 881 3430 notiortitus.
914 3375 969 3425 sei
986 3373 1053 3437 qnia
1069 3372 1234 3425 vuelloru'm

138 3434 235 3493 ,alitum
251 3440 378 3508 vinear,
403 3446 474 3508 quoi
490 3448 596 3509 equites
614 3464 670 3502 una
709 3458 763 3499 etc.
777 3447 884 3499 nomine
907 3456 1012 3507 mutes,
1028 3441 1160 3506 cogitatio
1177 3450 1233 3494 non

149 3506 227 3558 missi
240 3518 294 3558 non
306 3509 465 3582 legionarii,
489 3518 536 3565 sed
550 3518 668 3570 auxilla—
711 3525 766 3568 tam
781 3514 936 3566 necessario
947 3511 1074 3575 eflicitur,
1088 3523 1168 3574 quam
1175 3524 1234 3561 stu-

150 3575 186 3629 rii
199 3587 300 3633 urent.
334 3579 667 3646 cf.aun.au0.1s.1.
711 3588 823 3638 tionum
844 3586 935 3635 audito
954 3581 1117 3646 Aquitaniae
1140 3579 1231 3631 uomi-

165 3648 168 3659 '
202 3646 295 3698 tantae
318 3648 457 3711 nationes]
492 3653 669 3716 Aquitanica
711 3668 762 3720 ue,
787 3652 1078 3713 eemdiceremaluit,
1096 3650 1168 3713 quoti
1185 3662 1232 3701 so-

132 3713 235 3794 v(italii-
281 3718 418 3777 Quomodo
441 3731 531 3773 autem
555 3724 668 3775 coninu-
710 3737 773 3775 num
786 3726 814 3776 in
828 3735 944 3775 raonem
957 3720 1102 3771 transferri
1120 3729 1232 3781 paure-

149 3790 266 3833 etmnem
278 3797 371 3839 eorum
384 3790 514 3851 impedire
526 3791 619 3843 iussus
632 3794 669 3844 sit
710 3802 771 3858 tur,
789 3806 868 3857 quam
881 3793 966 3858 banc,
983 3791 1054 3854 quoti
1067 3789 1120 3839 sibi
1134 3799 1234 3840 sonunt

149 3851 279 3920 crassus,
296 3868 330 3906 ex
343 3861 412 3910 culo
424 3859 476 3920 §.l
490 3865 583 3926 petere
596 3863 669 3914 licet.
709 3871 842 3925 posceret.
875 3863 976 3913 Eodem
989 3857 1145 3910 discrimine
1158 3858 1185 3918 1,
1199 3857 1235 3905 12

199 3918 227 3982 s·
241 3919 267 3973 a.
301 3923 330 3976 in
348 3930 477 3991 vneror]
507 3930 621 3985 vneuos
640 3935 667 3998 ι,
710 3929 769 3992 aa
790 3931 817 3984 ts
839 3944 958 3997 aanor
981 3928 1111 3991 orimum,
1133 3926 1233 3979 esna·

147 3983 185 4039 aa
206 3993 326 4057 seeundo
344 3998 406 4050 loco
430 3999 503 4050 inter
528 4014 592 4069 eos,
621 4003 667 4066 qni
709 4001 769 4059 iric
802 4014 894 4068 payns
924 3997 1030 4050 dicitur.
1079 3997 1235 4047 Praetereo

148 4052 250 4114 Crasso
265 4076 297 4114 se
309 4064 483 4135 dediderant,
499 4079 562 4131 pust
574 4073 667 4124 vens-
710 4072 805 4125 confer
819 4072 854 4137 7,
869 4070 889 4122 4
910 4067 943 4119 ist
959 4068 1042 4134 ocris
1057 4063 1144 4116 lineet
1158 4064 1235 4116 dile·

147 4127 406 4203 wteommenorari
419 4137 545 4209 vidimus,
558 4155 667 4209 eom
708 4144 789 4203 matt
805 4140 951 4211 eaeutitert
973 4148 1010 4190 aa
1031 4134 1233 4204 perditorum·
