2572 4688
396 276 533 352 unt.
560 274 611 355 Π.
653 275 828 351 οΑΡ..3
1102 282 1172 359 tot

77 488 145 558 qne
164 465 257 537 omni
276 466 435 559 opinione
454 468 623 551 veniemt,
649 467 767 552 Remi,
793 467 856 557 qui
874 465 1020 556 proximi
1033 465 1169 541 Gallim

75 580 119 624 ex
140 555 259 642 Belgis
285 563 384 638 sunt,
412 555 457 623 ud
479 580 554 624 eum
576 559 710 642 legutoe
729 556 855 625 Iccium
877 563 914 622 et
925 555 1168 633 Audonumho-

73 646 184 728 rium,
212 643 342 735 primos
357 645 526 728 civitatis,
548 644 732 728 miserunt,
796 645 856 733 qui
870 641 1022 712 ffioeront
1035 669 1073 714 ee
1086 669 1166 716 suu·
1185 653 1209 717 2

145 819 233 882 omni]
255 831 307 871 om.
327 819 404 871 Leid.
426 818 457 872 c.
471 822 551 872 Vret.
573 822 603 871 B.
624 820 709 873 nonu.
729 819 783 873 ino.
803 829 885 887 etque
903 819 944 873 ita
956 820 1052 874 cicero
1066 823 1168 890 allique

110 891 246 956 opinione
266 891 409 957 celerius,
432 890 526 941 maine
547 898 575 952 et
595 888 695 942 similia
713 891 814 940 dicunt.
850 892 1069 945 omniumvrct.
1083 896 1117 944 A.
1137 896 1167 947 et

109 971 159 1022 pro
173 973 203 1009 ι.
222 961 241 1010 1.
261 960 336 1013 Gott.
348 958 414 1009 item
427 961 491 1009 Ald.
506 960 534 1010 et
546 972 621 1025 sqq„
644 958 725 1010 etiam
740 959 807 1009 0ud.
823 960 856 1027 1,
874 962 945 1023 quod
958 973 1026 1011 sene
1037 961 1165 1015 unitatis-
1251 1002 1254 1011 .

109 1029 210 1081 eimum
228 1036 279 1079 eet.
313 1030 367 1079 sed
385 1029 478 1093 omni,
498 1029 569 1092 quod
581 1026 678 1091 reliqui
692 1029 799 1080 codices
812 1035 840 1078 ot
853 1031 913 1079 edd.
927 1030 1031 1093 primae
1044 1033 1166 1101 tuentur,

108 1110 209 1148 vorum
226 1097 344 1156 videtur.
383 1095 488 1148 Verlue
508 1095 642 1148 hominurn
662 1099 696 1147 de
718 1096 849 1149 caesaris
875 1100 995 1149 adventu
1022 1101 1165 1164 opiniones

88 1181 95 1189 ²
109 1168 236 1231 fuerent,
259 1165 325 1217 ollis
344 1166 432 1229 magis
453 1167 580 1217 celeriter
592 1178 669 1230 eum,
693 1166 756 1217 aliie
767 1167 858 1217 miuus
871 1175 1014 1220 venturum
1027 1168 1164 1233 opinanti-

109 1237 180 1286 bus:
202 1236 251 1284 ille
271 1246 340 1286 vero
358 1234 431 1284 omui
451 1235 574 1296 opinione
589 1235 705 1285 celerius
720 1235 805 1285 veuit.
839 1235 882 1286 ct.
895 1237 927 1300 5,
944 1236 980 1290 ts
995 1247 1065 1289 extr.
1089 1253 1164 1305 quae

109 1316 160 1356 res
179 1316 292 1355 omnem
312 1302 517 1355 dubitationem
534 1305 676 1355 aduentus
696 1305 840 1371 teutonum
852 1307 975 1369 expulit.
1009 1308 1098 1360 litiani
1111 1324 1165 1361 tn-

79 1398 82 1403 ·
106 1387 167 1440 pra
186 1385 297 1424 omnem
314 1373 479 1439 opinionem
497 1374 719 1423 medicamentum
736 1376 868 1437 quoddam
886 1375 1002 1425 reficere
1019 1378 1047 1427 et
1061 1379 1163 1432 confir.
1260 1422 1262 1429 .

108 1454 186 1495 merc
208 1445 376 1494 stomachum
397 1442 463 1492 dicit
483 1442 638 1492 Scribonius
657 1443 718 1492 loco
740 1455 758 1494 e
778 1443 902 1495 Gesnero
923 1442 1041 1498 iudicato'
1065 1445 1094 1508 S.
1107 1449 1163 1502 ton

108 1526 136 1576 p.
153 1509 191 1562 65
216 1512 258 1562 ed.
276 1512 390 1576 Rhodii,
420 1513 515 1562 eedem
541 1513 600 1561 iere
628 1510 841 1579 significatione,
871 1513 1044 1574 qunS.103
1068 1529 1163 1581 cupra

107 1580 235 1632 omnium
260 1582 440 1647 opirriunemr
478 1580 525 1644 qui
549 1587 645 1632 auctor
663 1580 772 1632 minime
792 1581 821 1632 iu
843 1582 966 1633 omnious
985 1591 1162 1639 contemnen-

106 1652 158 1703 dus
176 1657 229 1700 est.

141 1718 399 1778 Andecumborium]
424 1718 508 1782 Bong.
523 1716 580 1770 Ac.
600 1719 658 1769 Pet.
671 1720 756 1770 Voss.
770 1720 804 1768 A.
819 1720 889 1770 Lot'.
903 1719 962 1771 Pel.
977 1721 1050 1773 Gott.
1062 1722 1112 1775 Dr.
1124 1725 1161 1774 A.
1179 1766 1185 1775 ,

107 1789 190 1838 Viud.
209 1791 239 1837 B.
253 1789 333 1840 Vrat.
353 1787 410 1838 Ac.
431 1789 512 1839 Goth.
532 1790 560 1837 Β.
583 1789 635 1839 (iu.
664 1789 941 1839 Andecumborium
960 1790 1008 1842 Dr.
1029 1791 1161 1844 11.de-

107 1859 177 1908 mill.
202 1859 250 1924 (et
264 1870 320 1907 een.
345 1857 429 1908 cond.
451 1858 511 1907 Pet.
531 1858 613 1921 Boug.
637 1858 667 1908 G.
687 1859 761 1916 Pel.)
789 1857 948 1911 Andooium
967 1860 1079 1913 borium
1098 1861 1162 1913 An-

107 1927 210 1978 docnm
222 1927 325 1980 Boium
339 1926 416 1978 Garr.
434 1927 511 1988 lugu.
541 1927 796 1978 Andecumborium
816 1930 893 1979 vrat.
907 1930 937 1979 B.
950 1930 1035 1983 Bono.
1062 1931 1162 1985 Ande·

105 1997 283 2047 comtorium
303 1995 351 2047 Gn·
380 1995 640 2047 Andecumourtum
653 1996 731 2045 (loti.
745 2001 780 2046 At
808 1997 1020 2050 Andocubrium
1033 2000 1160 2053 vindo.

23 2089 25 2093 ⁷
106 2065 329 2118 Aridocndrium
347 2065 429 2115 Vind.
448 2066 482 2117 D.
502 2065 580 2116 Rom.
600 2078 626 2117 a.
652 2065 995 2118 Ariodocuouriummed.
1014 2081 1041 2120 ι.
1058 2077 1159 2135 ottoq-

80 2166 82 2173 ·
106 2147 192 2198 neque
216 2135 252 2186 ed
269 2135 384 2198 Aldum,
415 2133 460 2196 qui
479 2134 684 2201 Antetropium
708 2135 780 2184 dedit
787 2167 798 2202 ‚
827 2139 898 2200 quod
922 2137 1088 2199 posteriores
1113 2141 1159 2190 te-

106 2211 232 2256 nuerunt.
265 2205 302 2254 Et
317 2202 529 2269 Andebropium
547 2205 646 2268 legitur
665 2205 693 2254 in
704 2205 790 2258 vind.
800 2207 835 2254 A.
850 2215 879 2256 et
897 2217 946 2267 pro
960 2220 989 2256 v.
1001 2207 1021 2257 l.
1039 2206 1068 2261 iu
1080 2221 1159 2261 mer-

106 2275 169 2339 glut
185 2274 268 2324 vose.
286 2275 321 2322 A.
340 2275 369 2322 et
388 2273 466 2324 llev.
481 2274 514 2321 A.
534 2281 562 2323 et
579 2275 653 2336 apud
674 2274 854 2325 Flodoardum
877 2276 1050 2338 (scriptorem
1069 2278 1158 2332 seculi

105 2341 216 2401 decimi)
239 2343 267 2392 in
289 2341 411 2394 llistorie
431 2341 566 2392 ecclesiae
585 2340 728 2393 Remeusis
749 2343 781 2408 1,
799 2345 815 2392 2
832 2358 858 2404 p.
873 2345 891 2392 ii
909 2347 950 2396 ed·
967 2345 1111 2400 colvener.
1127 2349 1158 2399 et

105 2413 237 2473 Meteplrr.
246 2404 439 2478 Ἀντιβρόγιιν
452 2409 552 2471 posuit.
577 2412 630 2463 Sed
645 2413 714 2463 hauc
727 2414 915 2464 auctoritatem
930 2427 990 2467 cum
1004 2415 1062 2480 ille,
1075 2429 1159 2481 quom

104 2491 154 2531 nos
172 2481 259 2531 secuti
278 2492 387 2545 numus,
413 2490 467 2529 non
480 2482 688 2542 comparandum
701 2491 764 2528 esse
780 2489 903 2543 apparet.
937 2486 1032 2551 Neque
1046 2485 1158 2540 Ouden-

105 2550 192 2612 dorpii
203 2550 288 2601 libros
301 2548 379 2600 nobis
392 2548 535 2599 adversari
549 2549 684 2602 adnotatio
696 2547 756 2599 eius
768 2550 856 2618 docet,
869 2563 923 2614 qua
935 2555 1040 2607 omniuo
1053 2555 1157 2623 „MSS-

66 2638 72 2647 =
105 2621 134 2669 et
153 2619 221 2670 lidd.
234 2620 309 2670 vett.
333 2616 492 2668 Andocium
510 2618 649 2684 Barium,
671 2617 944 2689 Andecumborium,
963 2623 1158 2678 Andecumbo-

103 2687 202 2755 rium,
230 2687 507 2752 Andocumborium‚
532 2686 809 2738 Αιιιιιιιιιιίιιινιίιιιιιι
836 2689 962 2743 exhibere
985 2694 1080 2746 tradit.
1120 2695 1156 2747 in

103 2757 201 2809 Hemlr.
212 2757 280 2807 nillil
290 2757 354 2807 nisi.
371 2756 405 2807 A.
418 2757 548 2818 scriptum
561 2759 613 2808 eet.
629 2757 778 2809 Petrerclra
790 2758 930 2821 utrumque
943 2771 1040 2813 nomen
1054 2763 1155 2816 omitit.

138 2826 166 2887 S.
178 2829 206 2876 2.
241 2826 287 2890 qui
307 2827 442 2886 dicerent]
468 2838 520 2876 om.
539 2827 609 2877 And.
629 2826 680 2879 Ox.
694 2827 775 2876 vind.
787 2829 821 2876 A.
836 2827 910 2878 Iler.
923 2831 957 2878 A.
972 2842 1084 2894 quorum
1104 2846 1156 2895 po·

104 2897 236 2947 emriores
255 2898 307 2946 duo
328 2908 388 2946 cum
402 2896 488 2946 Voss.
509 2896 542 2944 A.
557 2897 641 2960 Boug.
658 2895 687 2945 c.
701 2896 747 2946 Dr.
763 2897 792 2944 B.
805 2896 884 2946 Goth.
896 2899 931 2947 A.
944 2900 1025 2949 Viud.
1040 2901 1070 2952 C.
1084 2915 1155 2954 uon·

13 3008 16 3029 .
104 2966 188 3017 nullis
209 2965 277 3015 0ud.
291 2967 362 3015 Veu.
380 2967 401 3016 l.
418 2971 446 3013 et
466 2978 523 3027 sqq.
545 2967 609 3015 ente
630 2966 697 3016 0ud.
716 2966 775 3014 edd.
800 2979 869 3017 enne
882 2969 945 3018 ente
959 2969 1155 3024 miseruntod
1241 3004 1244 3009 ·

102 3035 231 3086 ciuitatis
244 3032 362 3085 edultum
374 3035 482 3084 hebent.
516 3035 592 3092 Quae
606 3034 686 3084 lectio
700 3034 824 3098 (prinmo
838 3035 969 3087 ciuitatis
981 3051 1051 3090 sune
1064 3040 1155 3093 mice-

101 3107 193 3155 rnnt:
220 3116 253 3154 ιι
271 3115 380 3167 tuaque
392 3104 629 3166 -permitterel
660 3115 709 3165 per
732 3116 866 3167 seneque
886 3106 972 3158 additi
992 3112 1040 3160 aut
1059 3111 1155 3162 omissi

101 3186 188 3226 oense
206 3172 383 3234 improbanda
406 3170 458 3232 (ci.
470 3169 504 3236 l,
522 3175 571 3222 12:
594 3172 676 3223 cuius
693 3185 766 3222 nous
784 3172 948 3226 incivitate
962 3190 1017 3228 sne
1028 3190 1154 3245 reputem

102 3244 269 3296 obtinuerat
292 3249 320 3292 et
338 3244 371 3309 n,
395 3240 413 3292 8
437 3252 612 3294 communem
631 3242 804 3308 lepctionem
822 3244 861 3295 nd
879 3244 912 3297 P.
926 3244 1063 3300 Graccum
1081 3251 1154 3305 mit-

118 3396 186 3460 cup.
199 3399 225 3448 3.
245 3395 272 3457 S.
286 3399 312 3448 i.
347 3410 382 3447 ex
393 3395 499 3460 Belgis]
517 3397 586 3462 Non,
683 3396 709 3458 S.
732 3399 759 3446 2.
797 3397 843 3461 qui
862 3397 984 3451 dicerent
1001 3401 1047 3461 ee]
1078 3404 1152 3457 Ante

67 3464 172 3530 niquis
192 3466 320 3530 elielgie
348 3466 466 3517 Gellium
494 3468 585 3532 adeat,
630 3468 681 3518 lton
705 3479 754 3532 re,
782 3468 853 3529 quod
877 3468 917 3520 im
935 3477 964 3518 ut
982 3483 1093 3538 tuaque
1115 3486 1152 3525 cx
1232 3525 1234 3529 Α

66 3547 126 3592 tom
145 3532 230 3594 ssdttbt
248 3534 291 3590 bet·
312 3529 416 3601 &elgeri
435 3534 504 3600 oud,
533 3549 586 3599 qua
629 3538 715 3586 verbo
726 3536 902 3600 permittere
914 3540 1028 3607 pendet,
1046 3543 1150 3596 cuben-

65 3605 290 3670 interpretatione
310 3605 429 3656 adnibito
444 3604 522 3653 Remi
536 3617 600 3675 pro,
628 3606 752 3656 diendum
766 3613 809 3655 eet
821 3607 935 3672 alterum
950 3607 1026 3671 ipsos
1035 3612 1149 3673 permit-

65 3675 155 3740 lielgie
170 3675 341 3741 Galliiiunt,
367 3674 416 3722 sed
435 3673 507 3724 inter
519 3673 584 3723 Bel·
629 3682 717 3724 tentes
732 3674 890 3737 significans
912 3683 940 3725 et
956 3690 1085 3732 unacum
1098 3681 1148 3734 llio

63 3756 129 3812 gen,
154 3751 186 3794 ut
207 3745 239 3812 1,
256 3741 291 3795 41
318 3745 450 3809 quodem
472 3742 538 3793 eliis
557 3743 585 3793 ei
626 3743 761 3794 infinitivo
780 3746 900 3805 pendens
920 3750 1057 3814 evaerlro
1071 3750 1148 3803 linito

62 3813 221 3866 munimem
233 3812 461 3880 {idemtdbetat‚
478 3820 506 3860 et
519 3825 585 3862 see·
627 3813 776 3876 dicerent,
806 3815 852 3866 vel
877 3814 967 3876 potius
992 3817 1147 3874 miserunt.

61 3895 95 3946 pe
108 3877 186 3933 olibi.
218 3882 372 3944 Descriptio
384 3881 446 3943 ipsa
458 3882 585 3931 releren-
627 3884 698 3933 Nam
710 3880 805 3949 Remi,
829 3881 1148 3958 integumentum

61 3954 97 4004 de
111 3958 157 4002 eet
170 3952 205 4002 ud
219 3963 280 4003 enm
293 3949 402 4000 Galliae
416 3959 532 4012 partem,
549 3962 584 4000 ex
625 3963 680 4003 non
693 3948 793 4016 legati,
809 3951 854 4014 qui
868 3955 1100 4025 veroniecerunt,
1113 3971 1146 4010 ιι
1197 3972 1201 3981 ’

60 4034 114 4084 qne
125 4018 235 4073 Goeear
248 4022 372 4071 venerut.
394 4018 465 4070 Nam
475 4025 585 4080 praeter
625 4018 655 4069 in
680 4019 761 4072 tidem
780 4020 959 4074 Romanorum
978 4026 1144 4086 permittunt.

59 4088 324 4153 ilemmnffilielgee
337 4090 583 4151 ereuteeqrcpro-
625 4087 754 4141 Similiter
769 4089 844 4141 inire
862 4103 887 4141 n.
901 4094 935 4143 tt
952 4093 1087 4146 Aduatuci
1099 4097 1154 4150 le·-

60 4157 322 4228 timerettimcret
333 4156 583 4221 eliieiupertilrue.
623 4159 709 4226 pateo
726 4159 766 4213 ud
785 4158 938 4214 onerarem
951 4161 988 4217 de
1003 4174 1076 4230 pace
1087 4162 1145 4218 mi-
