2572 4688
382 60 502 227 ¹nin.
531 108 598 183 nr.
641 106 763 184 oso.
794 115 819 182 o
1085 114 1153 186 ees

64 304 139 373 telo
159 299 266 371 inisse
280 299 473 393 exciperent
485 322 588 393 seque
602 298 771 371 exiabore
784 300 978 385 reficerent,
997 307 1078 395 post
1091 301 1154 373 de-

66 398 105 459 to
128 390 226 479 signo
250 411 270 458 e
289 390 414 459 eastris
428 396 644 482 erumperent
658 395 761 479 ntqne
776 410 905 457 omnem
918 410 1011 482 spem
1025 391 1153 463 ‘solutis

67 479 103 547 in
129 480 259 546 virtute
280 487 455 567 ponerent.
527 485 562 549 6.
599 476 701 567 Quod
720 478 808 545 iussi
826 486 923 563 sunt,
956 479 1086 547 faciunt
1109 502 1151 549 ee

68 566 183 635 subito
202 567 355 633 omnibus
374 566 483 655 portis
502 568 678 655 eruptione
690 566 781 632 facte
795 587 904 656 neque
918 567 1153 653 cognoscendi,
1199 571 1202 578 ⁴

68 654 151 742 qnid
170 655 286 738 fieret,
313 676 421 741 neque
442 655 494 728 sui
518 652 697 739 colligendi
717 654 871 722 hostibus
885 655 1079 722 facultatem
1095 678 1151 723 ne·

67 743 238 833 linquunt.
308 740 363 809 its
383 748 586 811 commutata
605 742 740 810 fortuna
758 762 836 827 eos,
857 743 961 831 quiin
977 765 1072 834 spem
1087 766 1150 836 po·
1170 754 1195 821 2

135 951 163 1013 8.
178 954 206 1003 ³.
239 953 304 1005 doto
322 949 413 1015 signo]
436 951 537 1014 „MSS¹
556 948 685 1015 plerique.
693 943 712 979 ‘⁴
731 948 828 1009 (etiem
839 949 923 1015 Bong.
936 951 987 1012 A.)
1003 950 1063 1003 Pet.
1076 951 1153 1005 oste

102 1022 180 1087 Egm.
199 1033 254 1069 see.
278 1018 362 1071 Febr.
387 1022 459 1069 lieo.
476 1023 511 1069 A.
529 1018 608 1068 Goth.
625 1021 659 1069 A.
679 1031 748 1069 eno.
767 1032 806 1080 pr.
820 1019 892 1070 Ven.
910 1020 930 1069 t.
948 1020 987 1070 st.
1012 1035 1037 1071 s.
1055 1022 1084 1073 d.
1102 1022 1151 1074 Dr.

99 1088 225 1149 n.‚Vret.
243 1088 273 1140 0.
291 1090 370 1140 Goth.
388 1091 419 1139 B.
437 1089 534 1141 Homo.
547 1088 631 1139 vind.
648 1089 702 1139 Bo.
722 1089 801 1139 Goth·
824 1091 859 1142 A.
879 1101 896 1140 e
915 1104 950 1140 m.
969 1101 992 1139 s.
1011 1090 1072 1140 edd.
1089 1092 1152 1143 rell.

101 1169 166 1210 ente
190 1158 258 1208 ond.
282 1166 310 1209 et
329 1158 397 1209 oud.
416 1161 442 1207 2.
467 1169 519 1221 qno
539 1158 632 1206 ordine
650 1169 734 1220 snpra
752 1170 775 1206 e.
790 1157 809 1207 4
825 1156 880 1217 8.1
901 1162 930 1209 et
946 1161 978 1221 1,
995 1156 1030 1209 52
1047 1157 1106 1219 82
1123 1168 1152 1211 st

75 1270 78 1277 .
101 1228 136 1293 8,
152 1229 188 1277 36
205 1226 231 1285 8.
246 1223 264 1276 i
282 1227 341 1277 stne
358 1226 496 1277 verietate
512 1226 644 1288 scriptum
662 1234 689 1275 et
705 1228 741 1290 7,
759 1230 776 1276 3
794 1225 850 1285 81
870 1229 1017 1278 seeundum
1041 1229 1151 1280 sorices

102 1295 275 1347 scribendum
292 1298 343 1346 est.
377 1297 431 1346 Sed
448 1296 516 1346 doto
536 1297 619 1361 sipno
638 1295 703 1345 item
720 1296 778 1346 sine
796 1296 931 1348 varietate
947 1296 1047 1361 legitur
1063 1294 1098 1367 4,
1115 1300 1152 1350 23

102 1363 162 1427 §.6
179 1372 208 1415 ct
223 1365 250 1414 in
267 1365 426 1416 melioribus
443 1365 522 1414 libris
537 1367 570 1425 7,
587 1363 621 1415 46
640 1363 666 1424 8.
679 1362 705 1413 t.

134 1446 152 1483 e
168 1433 283 1495 cestris]
307 1436 356 1484 Dr.
373 1436 409 1485 A.
427 1434 507 1484 vind.
524 1435 581 1484 AB.
597 1433 668 1484 ven.
684 1435 707 1483 f.
722 1439 751 1481 et
767 1444 841 1494 seqq.
854 1445 939 1495 nsque
952 1435 987 1484 ed
1001 1433 1087 1498 oud„
1104 1433 1151 1498 qui
1226 1468 1231 1487 .

100 1514 140 1554 en
157 1514 184 1553 c.
201 1504 283 1553 dedit.
317 1503 350 1553 ln
367 1503 427 1551 eod.
446 1511 509 1552 ente
525 1504 597 1554 ven.
616 1504 636 1550 1.
653 1504 757 1551 tentum
781 1502 891 1553 castris
915 1502 1023 1566 legitur.
1048 1506 1151 1571 „nisa

100 1568 263 1634 piertppe‚“
291 1585 358 1635 quos
382 1572 450 1621 oud.
476 1573 584 1639 eosdem
607 1570 635 1619 in
658 1572 787 1622 menende
810 1571 1008 1634 praepositione
1025 1581 1106 1635 etque
1122 1572 1152 1624 in

102 1639 258 1690 ordinandis
271 1641 373 1691 duobus
390 1640 519 1702 proximis
539 1640 680 1691 vocabulis
696 1648 818 1689 secutum
834 1641 1016 1707 reostendit,
1039 1653 1152 1693 numero

101 1710 222 1761 tortasse
240 1721 322 1773 penes
341 1711 468 1773 fuerunt,
492 1712 613 1760 ceterum
628 1720 716 1772 neque
736 1711 845 1760 eosdem
857 1722 943 1772 neque
957 1722 1040 1773 peres
1054 1718 1152 1762 sucto-

101 1778 183 1829 ritere'
200 1777 288 1829 tuisse
306 1791 426 1829 cneorum
443 1779 607 1841 comparens
624 1786 652 1826 eo
667 1780 806 1839 exemptas
823 1777 904 1829 Febr.
921 1781 1015 1847 docet,
1039 1793 1080 1832 eor
1096 1791 1152 1832 non

102 1848 269 1912 secoviano,
292 1850 342 1898 sed
359 1847 498 1898 vossiano
515 1851 547 1897 A.
566 1860 627 1897 euin
642 1847 717 1897 Gott.
734 1848 849 1909 eoitgm.
863 1847 995 1898 tribuens.
1020 1846 1053 1900 ln
1066 1847 1151 1900 conti.

101 1924 191 1967 mosen
207 1929 261 1968 non
276 1918 364 1981 sptem
382 1917 463 1979 nong.
483 1915 514 1968 G.
531 1925 559 1966 et
573 1917 651 1982 Pei,
676 1917 822 1973 sedetiam
840 1916 898 1966 Pet.
915 1930 953 1968 ee
971 1917 1073 1970 hebere
1092 1926 1152 1970 tre-

101 1986 200 2052 ditur‚'
219 1987 289 2049 quod
311 1995 339 2036 et
355 1998 475 2036 meorum
498 1986 528 2037 in
545 1985 680 2047 plerisque
698 1987 888 2036 sesecundum
906 1986 1048 2037 Piiisehkii
1064 1985 1151 2039 silon-

102 2054 169 2106 tinm
191 2055 274 2105 etiem
297 2053 325 2105 in
347 2056 430 2119 Bong.
449 2056 483 2104 Δ.
501 2063 593 2105 exstet
610 2058 637 2104 et
654 2055 760 2103 omnino
777 2057 860 2105 multo
877 2055 1047 2118 frequentius
1063 2058 1151 2108 altero

101 2132 152 2173 eso.
186 2126 240 2175 Sed
265 2137 298 2174 eo
320 2124 410 2176 minus
432 2126 548 2174 alterurn
566 2136 584 2175 a
600 2123 677 2173 bonis
692 2124 773 2176 libris
788 2132 816 2173 er
832 2125 1004 2175 diversorum
1020 2138 1151 2190 generum

100 2195 221 2245 obierum
245 2193 337 2256 sperni
359 2193 489 2258 debebat,
517 2202 545 2243 et
563 2195 595 2260 1,
613 2194 647 2243 27
665 2191 723 2252 §.i
740 2206 756 2244 e
772 2194 1031 2262 cestris-potiores,
1060 2196 1095 2263 7,
1114 2195 1150 2250 58

99 2262 127 2325 8.
141 2264 159 2311 2
177 2273 270 2313 onnes
287 2260 423 2313 exhibent.

132 2329 240 2403 cepti
256 2330 323 2393 8.1.
356 2331 449 2391 tieret]
474 2330 610 2397 fecerent
624 2327 701 2379 neit.
719 2330 753 2378 A.

68 2515 222 2569 mitterent
248 2515 437 2581 colligendum.
485 2516 594 2571 Eodem.
681 2513 745 2564 dato
759 2513 851 2578 signo]
883 2510 926 2566 ci.
940 2516 1001 2567 adn.
1015 2518 1051 2568 eo
1064 2518 1097 2586 2,
1113 2518 1152 2572 to

68 2586 159 2649 ellipsi
181 2586 257 2648 liisp.
274 2591 291 2639 2
313 2588 424 2651 tepotoe
436 2610 472 2622 ·-
484 2586 520 2636 de
534 2596 587 2635 sno
631 2582 658 2642 8.
675 2584 689 2632 1
709 2592 778 2632 extr.

68 2657 197 2708 advento
214 2656 289 2723 facit
307 2655 467 2720 certiores,
497 2655 587 2719 ntqoe
683 2650 749 2714 Gap.
769 2653 797 2700 6.
820 2649 888 2711 81.
930 2653 972 2703 sni
992 2652 1152 2719 colligendi]

68 2724 296 2790 emensitatem,
318 2724 367 2788 pne·
381 2736 419 2775 en
432 2722 588 2787 provincia
630 2721 742 2783 Proprie
761 2720 860 2770 dietum
880 2725 962 2789 pute,
998 2732 1028 2774 ut
1054 2724 1096 2792 5,
1115 2726 1152 2777 17

68 2795 190 2862 presset,
218 2794 363 2857 praesidio
388 2795 473 2844 esset.
518 2795 588 2842 Nam
631 2802 789 2855 rnnpnoqne
802 2802 902 2841 eornm
915 2804 1036 2845 nurnero
1052 2793 1151 2844 inter-

68 2865 107 2915 ito
126 2865 196 2914 neec
216 2864 332 2926 legende
344 2866 416 2912 sunt.
451 2861 493 2912 ci.
508 2861 535 2927 5,
553 2862 587 2909 36
632 2863 710 2929 fecto
727 2871 818 2924 neone
831 2860 878 2909 soi
894 2862 1043 2929 cottipendi
1057 2876 1150 2929 neone

67 2930 116 2985 ilis
133 2944 200 2985 cum
212 2932 298 2983 Cotto
315 2931 414 2983 sancto
430 2929 588 2980 commoni-
630 2929 806 2980 consistendi
824 2931 878 2979 ont
896 2943 934 2982 ee
948 2931 1056 2984 essedis
1072 2932 1152 2985 desi-

67 3003 132 3069 cat,
155 3000 350 3063 sisteretur,
372 3013 469 3066 pnpno
484 3002 518 3051 nt
533 3012 588 3051 co·
630 2997 720 3050 liennt
739 2997 911 3067 facultatem
930 3000 1085 3054 dederont.
1119 3008 1151 3051 ot

67 3070 182 3122 cedant.
219 3068 280 3120 civ.
296 3073 329 3133 2,
348 3072 382 3121 31
406 3072 439 3120 at
454 3069 587 3137 citarent
630 3070 664 3133 7,
682 3069 719 3119 80
736 3070 806 3118 item
825 3080 863 3119 en
883 3069 1005 3135 reliquis
1017 3070 1153 3135 partibor

66 3139 162 3192 media
175 3142 259 3190 nocte
277 3137 514 3204 proficiscantur,
533 3138 588 3188 od·
630 3135 728 3186 nostri
745 3138 878 3188 cedentes
896 3152 986 3204 usqne
999 3141 1038 3191 od
1049 3142 1152 3192 costra

66 3210 149 3260 dunt·
183 3210 259 3269 Quod
281 3209 305 3256 si
321 3207 483 3259 Germanice
499 3209 587 3256 inter-
628 3207 753 3257 insecuti
776 3206 822 3256 sni
845 3207 996 3271 collipendi
1019 3211 1152 3273 rocetta-

66 3274 184 3338 preteris
210 3274 271 3346 obet
286 3271 320 3340 tie
339 3269 420 3343 stigen
443 3273 505 3336 oud>
524 3272 587 3338 trodo
628 3278 687 3328 tem
704 3289 762 3325 non
780 3275 933 3330 dederont.
967 3279 1008 3328 De
1025 3280 1152 3330 constru-

66 3342 162 3415 tinne,
198 3343 258 3411 bot
288 3341 460 3400 mitonitttn
488 3342 517 3399 itt
544 3346 587 3400 ber
629 3346 718 3394 ctione
739 3345 826 3394 minus
848 3344 987 3410 legitime,
1019 3360 1081 3399 curn
1102 3350 1152 3398 ent

66 3412 156 3479 nont
169 3411 320 3478 antecedite
338 3413 465 3480 seiten,
486 3415 525 3465 ite
537 3418 588 3464 de·
629 3415 676 3465 sot
694 3414 936 3481 cottipendorcnn,
958 3417 1005 3466 aut
1021 3429 1052 3468 se
1069 3417 1151 3468 colti-

65 3499 136 3537 mom
155 3486 311 3548 adaequare
330 3485 428 3536 lantino
448 3483 533 3545 scito,
562 3483 587 3532 si
629 3483 715 3551 pendi
729 3483 783 3533 dici
798 3485 916 3547 deberet,
936 3485 972 3533 ot.
988 3486 1107 3548 numptii
1121 3485 1150 3547 8.

65 3550 127 3621 bap
151 3555 301 3616 explendae
321 3552 443 3621 ellipsis,
478 3549 587 3616 tollen
630 3556 684 3605 660
702 3567 743 3614 sq.
784 3553 912 3603 Eiusdem
930 3556 1042 3617 generis
1062 3556 1150 3619 esti,

65 3622 265 3675 coniunctionis
293 3625 328 3675 et
361 3625 391 3673 et
420 3621 587 3675 coniunctior
632 3624 665 3672 13
688 3621 1022 3687 coenomanensem,
1051 3623 1088 3674 ib.
1114 3623 1151 3676 31

65 3704 153 3747 oense
177 3694 296 3755 positum
324 3698 413 3755 pons.
461 3692 587 3743 ceterum
629 3691 829 3742 snitibernndi
842 3693 987 3758 facultas,
1005 3691 1086 3759 5‚38
1102 3692 1151 3744 snit

10 3762 12 3771 '
64 3763 157 3815 Gelos
169 3772 223 3813 non
236 3773 286 3825 per
300 3774 330 3812 se
344 3771 453 3827 eorem,
477 3763 526 3811 sed
538 3775 587 3824 per
629 3760 661 3810 in
677 3762 850 3824 perpetuom
867 3760 1008 3810 liberandi
1022 3761 1151 3813 occasio·

64 3830 241 3884 contuitones
255 3832 290 3881 oo
302 3830 431 3895 idipsum
448 3841 587 3882 convoce—
629 3842 695 3881 nem
701 3861 712 3897 ,
728 3832 761 3895 6,
776 3831 812 3880 37
824 3830 983 3894 recipiendi
996 3831 1042 3881 snt
1052 3831 1151 3898 facul·

63 3903 105 3952 tos
120 3900 256 3961 certiores
270 3901 303 3949 ne
318 3900 522 3951 suevolnntste
534 3898 586 3952 mi·
631 3899 721 3954 tatem
734 3901 763 3949 et
773 3896 844 3962 7,⁵0
857 3898 904 3948 sui
916 3899 1039 3967 fouendi
1050 3911 1149 3954 consa.
1249 3948 1253 3955 ,

64 3971 128 4024 titos
143 3970 247 4024 iecisse
261 3968 457 4024 existimandus
470 3976 522 4020 est.
679 3966 708 4031 8.
723 3971 749 4020 2.
777 3966 805 4019 tn
819 3972 1088 4032 spem-venereos]
1104 3968 1149 4023 cf.
