2572 4688
313 286 319 325 s
398 206 564 340 n·1o.n
605 262 731 339 our.
755 244 802 335 so
1093 264 1144 352 33

52 459 226 531 amicitias
245 478 347 527 eouse
363 454 544 528 canamus
562 455 674 523 sconii
695 476 762 523 nou
780 474 936 541 maguum
949 456 985 525 in
998 478 1036 528 ro
1051 464 1141 534 mitia

51 551 122 621 tori
147 569 250 618 usum
273 545 460 647 hebebant:
514 563 682 635 xquorsum
704 543 793 614 nlius
813 545 881 613 olio
899 564 1000 616 causa
1019 550 1139 638 111111,
1161 566 1182 658 e

120 768 178 810 nou
196 754 337 820 maguum]
362 751 421 805 Pei.
439 750 499 805 rai.
519 751 602 819 Boug.
615 746 648 803 (i.
668 748 743 804 Gott.
763 750 1141 816 ingeminandum.

87 831 178 883 Dour.
198 827 271 877 Dok.
290 826 363 876 Iuor.
381 825 443 876 cod.
462 821 581 886 Brantii,
604 822 671 874 vat.
691 822 838 872 muudum
857 823 1002 888 Vrsiuum,
1032 829 1143 883 codices

89 895 254 964 curionis,
282 895 331 946 Dr.
357 894 393 944 A.
413 894 493 944 Vrat.
513 888 592 943 11111.
617 891 697 942 Goth.
717 889 749 942 11.
769 890 866 942 llamb.
884 892 968 945 llonu.
988 893 1041 947 Gn.
1061 899 1144 952 vind.

90 962 235 1019 nonnil.
257 964 336 1015 Rom.
355 974 382 1014 e.
401 960 455 1013 inc.
473 962 544 1012 lled.
559 973 586 1012 a·
597 961 667 1011 Ven·
681 959 770 1011 bodel.
782 959 845 1011 lior.
856 961 947 1024 Stepb.
960 961 1009 1013 Gr.
1025 967 1050 1016 b.
1065 967 1146 1033 lips.
1159 1012 1166 1027 .,

88 1034 227 1104 niupnum
243 1034 292 1084 Dr.
305 1032 335 1080 Β.
358 1043 416 1081 uon
427 1042 562 1097 murnum
571 1027 735 1093 pericuum
748 1028 972 1098 miserabantur,
998 1036 1074 1098 quod
1086 1052 1146 1092 nor

89 1116 228 1172 meipsum
244 1102 329 1154 Voss.
341 1101 397 1150 AB.
410 1101 544 1166 Aldinae,
567 1098 619 1149 Gn·
632 1111 659 1151 a·
672 1099 752 1150 'lum
768 1111 827 1148 ooo
838 1112 972 1166 mapsam
981 1105 1146 1166 perieulum
1255 1137 1259 1148 .

88 1174 277 1229 mirabuntur
292 1171 378 1234 Boug.
388 1170 419 1218 Β.
441 1179 576 1237 sompnum
586 1166 750 1234 perirem
761 1168 984 1238 merebuntur,
1000 1176 1076 1238 quoa
1088 1188 1147 1230 m

90 1254 231 1311 meyerum
246 1241 306 1291 cod
320 1236 434 1304 Vrsini,
450 1235 595 1306 Stephani,
612 1236 662 1290 Cu.
673 1237 744 1288 Aud.
757 1236 807 1288 ox.
820 1238 1006 1306 Parisiorum,
1025 1244 1098 1297 ilar.
1110 1249 1145 1299 1.

90 1314 176 1367 vind.
188 1313 223 1361 A.
237 1323 299 1360 oum
308 1306 387 1360 Leid.
399 1308 433 1357 1.
446 1308 530 1370 nong.
545 1307 580 1358 A.
594 1308 867 1370 praeterquamquod
884 1309 977 1360 borum
997 1312 1071 1372 prior
1089 1317 1147 1375 mi.

90 1382 284 1444 serebantur,
307 1376 443 1443 posterior
460 1375 693 1428 misereubuutur
712 1386 774 1426 ouur
787 1383 885 1436 puncto
897 1378 948 1427 sub
959 1392 976 1431 e
989 1389 1053 1432 aute
1065 1399 1084 1435 a
1096 1399 1147 1437 ex-

77 1453 185 1518 bibet,
208 1450 273 1499 item
291 1447 351 1498 edd·
373 1446 446 1497 scel.
467 1446 570 1498 Graes.
587 1444 659 1496 Dav.
678 1443 720 1495 cl.
740 1442 809 1494 ond.
830 1444 941 1496 scilicet
953 1449 1079 1503 excidere
1096 1453 1148 1509 illa

91 1518 285 1575 aberrantibus
306 1514 426 1577 aptiori
445 1517 480 1567 od
499 1517 614 1567 alterum
631 1525 767 1578 maurum
777 1514 951 1568 librariorum
962 1520 1049 1570 oculis
1063 1522 1148 1575 faede

91 1589 216 1656 potuisse
234 1585 377 1650 videntur,
401 1582 561 1648 interpolari
575 1596 628 1634 nou
641 1582 722 1647 item,
740 1595 800 1633 curu
814 1583 874 1634 siue
886 1584 943 1634 illis
958 1599 1057 1639 sensus
1073 1592 1148 1643 inte-

92 1672 145 1726 ger
167 1656 219 1719 sit3
248 1660 276 1705 et
287 1650 387 1719 mopsi
397 1653 524 1718 periculi
538 1651 757 1704 miserationem
766 1652 867 1720 ¹ruegrrri
880 1652 973 1718 nequit
987 1661 1149 1711 commodis-
1212 1686 1215 1691 ·

94 1730 165 1780 sium
184 1737 243 1778 uos
259 1734 362 1791 mopso
377 1720 408 1772 in
422 1734 458 1775 re
470 1721 596 1773 mititare
608 1721 675 1771 usui
687 1719 785 1785 opponi
799 1721 879 1772 simul
891 1730 919 1772 ee
930 1731 1064 1789 amquam
1079 1731 1148 1782 effe.

94 1806 171 1850 oeum
185 1805 286 1848 causae
300 1790 435 1858 adscribi,
451 1790 687 1854 praesertimeum
701 1791 781 1853 paulo
794 1792 856 1852 post
868 1791 956 1844 etium
967 1792 1008 1862 bi,
1044 1798 1075 1848 ui
1084 1813 1148 1853 ma.

92 1878 184 1937 prum
203 1864 236 1916 iu
253 1860 363 1913 castris
383 1866 467 1911 usum
480 1860 634 1925 bubebont,
658 1866 749 1909 tamen
760 1861 904 1925 paulatim
913 1808 1088 1927 pertergeri·
1104 1871 1148 1923 di-

95 1944 205 1988 cautur.
245 1932 300 1982 sed
324 1942 386 1980 cum
410 1929 585 1994 sequentibus
613 1927 765 1983 consistere
785 1929 834 1981 illa
850 1940 903 1981 uon
924 1942 1047 1993 possum.
1086 1939 1149 2000 Qua

95 2008 190 2059 monte
203 2000 275 2053 euim
285 1998 471 2051 miserantium
485 1998 559 2049 alius
572 1996 656 2049 aliam
670 2009 784 2048 causam
800 1999 836 2049 od
853 1999 1078 2060 proficiscendum
1096 2008 1150 2060 sibl

94 2070 283 2127 necessariam
301 2068 430 2134 inferret,
454 2081 516 2118 cum
534 2068 595 2128 ipsa
614 2064 754 2118 miseratio
767 2077 864 2117 voram
875 2081 987 2122 causam
999 2072 1150 2135 prodereci

95 2151 146 2197 aut
159 2141 301 2206 quomodo
313 2137 500 2189 miserantium
511 2136 632 2187 nonnulli
643 2138 746 2198 pudore
759 2135 867 2188 adducti
880 2149 1050 2192 remanentes
1061 2145 1091 2196 in
1102 2159 1150 2198 oe-

97 2214 173 2264 culto
190 2200 411 2260 miserabantur?
446 2206 522 2257 liaeo
540 2204 623 2269 igitur
644 2204 670 2256 si
689 2205 729 2257 ita
749 2213 813 2255 suut
831 2217 850 2256 a
868 2205 988 2260 Caesare
1002 2212 1091 2284 edita,
1115 2218 1151 2267 de

97 2294 151 2346 quo
165 2278 289 2332 dubitare
303 2274 410 2326 codices
421 2286 474 2327 nou
486 2273 587 2340 sinunt,
603 2272 654 2324 ills
667 2274 748 2325 simul
760 2273 877 2325 edidisse
889 2288 944 2328 non
955 2278 1072 2334 viderur.
1097 2286 1152 2337 Sed

97 2351 128 2403 iu
150 2345 383 2415 ephemeridibus,
406 2356 442 2394 ex
461 2343 559 2408 quibus
576 2341 783 2395 commentarios
796 2346 935 2396 confectos
950 2360 1013 2399 esse
1027 2359 1154 2406 statueu.

99 2422 163 2471 dum
181 2424 242 2486 est,
263 2413 289 2465 si
308 2412 451 2478 sequeutia
467 2413 549 2464 aliter
567 2410 693 2463 instituta
712 2420 810 2481 eraut,
834 2414 923 2467 locum
936 2416 1037 2469 habere
1050 2428 1079 2471 ec
1090 2422 1153 2474 iude

98 2489 130 2541 11
149 2490 220 2539 bunc
240 2481 489 2536 commentariorum
499 2482 589 2532 locum
600 2478 746 2532 cranmerri
759 2483 794 2533 ab
805 2480 914 2549 aliquo,
938 2486 984 2548 qui
1003 2488 1105 2551 aditum
1118 2493 1154 2543 ad

99 2570 152 2609 eas
167 2552 318 2621 haholssei,
336 2553 364 2603 et
375 2550 417 2601 sic
429 2548 543 2614 denique
556 2550 585 2600 in
599 2557 706 2612 partem
716 2548 793 2601 illam
805 2552 927 2602 codicum
940 2557 1092 2610 nostrorum
1104 2561 1154 2610 de.

97 2624 196 2679 venire
218 2623 380 2687 potuerunt,
410 2618 456 2683 qui
474 2618 584 2678 codices
602 2617 659 2669 alia
677 2628 782 2684 quoque
800 2631 854 2670 uon
872 2633 962 2683 pauca
979 2625 1052 2677 baud
1070 2629 1154 2680 facile

99 2693 211 2749 aliunde
228 2690 377 2754 repetenda
396 2688 505 2740 babent.
540 2687 616 2748 Quod
628 2692 719 2738 autem
732 2687 814 2738 etiam
827 2688 910 2754 Bong.
923 2691 957 2741 A.
970 2691 1027 2746 ista
1040 2697 1153 2764 recepit,

98 2762 148 2831 qui
166 2761 235 2814 aiibi
252 2760 323 2812 liber
340 2766 383 2808 est
398 2756 669 2824 aconouminocioue,
686 2757 721 2809 ob
733 2756 825 2825 illam,
841 2771 922 2823 quan
935 2773 1021 2825 supra
1034 2766 1155 2820 ostendi-

98 2844 178 2897 mus,
193 2828 255 2883 veri
268 2827 387 2893 speciem
399 2828 504 2879 iactum
515 2826 632 2876 videtur.

132 2900 238 2963 111111]
258 2898 342 2964 Boug.
355 2898 391 2948 1.
404 2896 486 2949 vind.
500 2898 536 2947 1.
549 2894 610 2947 Pal.
622 2901 651 2945 ee
663 2906 727 2947 am.
739 2907 781 2958 pr.
797 2892 876 2947 (ioth.
891 2895 921 2947 11.
936 2908 990 2952 uon
1001 2897 1044 2952 ttt.
1138 2906 1142 2912 '

72 3094 419 3168 sq.ed.Autverp.1614.
439 3093 465 3148 1.
505 3096 594 3147 Auxi-
636 3109 698 3148 eum
714 3098 802 3149 locum
823 3100 964 3166 provecti,
993 3103 1043 3154 sed
1062 3105 1157 3158 adole·

71 3176 111 3226 lin
123 3181 217 3226 antem
230 3178 258 3222 et
271 3183 297 3221 c.
310 3165 346 3222 21
362 3167 420 3228 §.²
441 3167 470 3217 in
489 3167 594 3229 proelio
612 3191 615 3198 ·
637 3175 746 3216 scentes
764 3168 870 3219 uobiles
889 3178 917 3219 ec
936 3171 1067 3223 caesaris
1086 3175 1157 3226 ami.

10 3280 12 3289 .
66 3237 269 3295 llelveticoet
291 3252 318 3289 c.
335 3234 372 3288 19
393 3238 463 3287 extr.
489 3236 519 3285 in
544 3238 595 3287 boo
637 3235 719 3286 cibiae
746 3239 938 3307 commendati,
965 3240 1011 3304 qui
1032 3243 1156 3295 levibntis

10 3304 12 3345 Ι
72 3314 145 3364 bello
157 3307 292 3361 Ariovisti
308 3305 437 3359 babuisse
447 3303 596 3356 Gaesarem
637 3316 753 3368 poenam
766 3307 835 3356 satis
849 3310 1157 3376 meremprimumipso

72 3382 208 3433 memus
241 3375 396 3429 Nonoliter
409 3379 443 3439 3,
459 3375 477 3426 7
495 3372 523 3434 S.
536 3378 554 3426 1
568 3381 597 3424 et
638 3374 749 3442 timore,
772 3382 829 3428 tum
849 3390 918 3429 vero
931 3381 983 3430 hac
997 3381 1156 3436 narratione

73 3449 107 3517 1,
130 3453 167 3501 22
193 3447 261 3508 §.8
289 3443 437 3512 praefecti
461 3441 596 3495 dicuutur.
638 3444 778 3494 dederunt.

73 3512 597 3655 1111111111
638 3544 1158 3673 ..11111111.“111;

74 3649 596 3779 ffl'ufi'rfftuffdffi‘ssififi
637 3683 1158 3805 ffrffiffssssssssf⁶·0}f³g¹¹³⁰⁰fflmmffl·

73 3790 296 3860 omnisomnis
309 3788 356 3841 ubi
368 3803 419 3853 per
432 3800 465 3839 se
477 3786 596 3851 intelligi
637 3820 672 3875 ¹5
885 3751 962 3849 „ciffi
976 3759 1056 3820 ³1¹0·
1073 3760 1110 3811 fi·
1132 3764 1160 3826 ²e

74 3870 185 3929 wiese,
216 3869 248 3912 ut
260 3857 304 3926 ,1,
329 3861 378 3909 11:
412 3857 533 3909 merium
553 3858 594 3908 ud
673 3853 681 3871 ·

74 3932 264 3999 Nummi
278 3925 498 3994 ‘Nimim‘
510 3926 596 3991 “ill‘'
690 3920 718 3984 S·
731 3924 759 3975 Β·
791 3921 893 3982 illlata]
916 3921 945 3974 ln
960 3924 1077 3979 medium
1094 3942 1160 3991 pro.

74 3998 384 4063 “lamentatorem
395 3995 496 4048 mete.
511 3996 600 4049 urere
640 3992 707 4044 laia.
739 3991 786 4045 Sic
800 3993 897 4045 cicero
910 3993 989 4044 oilie.
1005 3998 1031 4059 1,
1042 3994 1080 4048 1ο
1095 4011 1161 4049 m.

75 4080 169 4125 autem
188 4070 217 4121 bi
235 4065 336 4121 mibuui
353 4072 383 4116 ct
400 4062 533 4128 prseieoii
544 4075 601 4117 nou
641 4073 771 4129 mem,
792 4061 892 4113 Livius
904 4058 939 4130 1,
957 4065 972 4113 1
990 4065 1162 4121 mentionem

74 4138 191 4197 11111111
213 4146 243 4195 et
259 4134 444 4200 1111111111·
464 4145 552 4189 unes
571 4133 601 4188 in
644 4131 910 4197 bermedixeruni.

894 4194 955 4265 fiii
