2572 4688
129 266 199 343 ale
401 261 475 334 ott
502 258 684 333 sabio
711 257 966 335 anditco

136 454 329 524 interiorem
351 457 483 542 portam
505 450 654 522 fluminis
673 449 812 541 oblique
827 449 1038 538 agebantur,
1060 468 1149 538 quae
1165 470 1224 540 pro

136 545 246 612 ariete
258 541 429 610 subiectae
442 551 565 610 etcum
578 540 669 608 omni
683 560 785 632 opere
796 541 995 608 coniunctae
1003 543 1071 612 vim
1079 538 1224 605 fluminis

208 718 495 783 oblique-dominis]
518 732 572 774 om.
590 721 669 786 bigni.
686 715 845 772 sea'l'abr·
861 714 942 770 vtae
959 716 994 767 A.
1011 714 1063 775 (ob
1076 716 1226 766 homoeote-

176 793 296 851 leuton).
325 789 381 840 Pro
403 788 513 855 oblique
537 791 648 860 „Voss
671 792 708 842 A.
732 793 763 838 el
785 784 864 838 multi
886 780 978 853 alti‚“
1003 782 1086 836 Gerr.
1103 785 1185 836 Vrst.
1201 785 1226 832 lt.

178 860 261 912 Gotb.
286 860 320 908 Α.
345 859 428 911 vind.
451 862 511 911 ab.
536 861 683 927 albertus,
711 856 784 909 ned.
807 868 834 909 s.
858 863 889 908 et
911 866 971 922 sqq.
992 866 1082 920 usquc
1100 854 1138 905 sd
1161 854 1226 906 Dav.

179 928 309 993 cbttqaae
323 929 440 993 babeat,
464 930 534 993 quod
551 930 619 983 llud.
634 932 652 979 ²
668 924 788 993 repetiit.

216 999 380 1060 agebantur]
406 998 599 1065 adlqebontttr
615 999 674 1050 ret
691 997 743 1048 01.
762 993 825 1044 ald
843 1001 872 1044 οι
890 1003 950 1057 sqq.
966 1002 1054 1055 usquc
1073 992 1110 1043 ed
1125 989 1195 1044 (lud.

216 1065 316 1125 ariete]
339 1069 481 1133 „puncta
496 1070 653 1120 emendarat
668 1067 794 1117 Faernus
811 1072 863 1128 ope
880 1061 984 1112 vetems
1001 1060 1083 1110 libri:
1101 1069 1130 1110 et
1142 1059 1180 1112 its
1191 1067 1228 1110 est

182 1133 212 1187 in
227 1134 324 1187 mco.“
348 1138 412 1187 Vns.
435 1138 464 1189 in
478 1138 592 1188 Emend.
609 1138 709 1203 „quod
725 1141 816 1186 autem
835 1138 879 1183 est
894 1129 923 1181 in
940 1130 1006 1182 VV.
1023 1128 1080 1181 00.
1104 1141 1161 1194 pro
1180 1142 1228 1194 po·

182 1205 261 1256 tiele
268 1218 280 1263 ,¹
302 1206 330 1257 id
348 1217 383 1255 cx
400 1207 453 1256 loci
470 1209 635 1259 obscuritate
655 1199 800 1266 irrepsit.“
821 1201 893 1253 idem
910 1199 939 1250 ln
953 1188 1054 1266 bats,
1072 1198 1120 1249 ubi
1132 1196 1228 1250 eruto

184 1285 299 1326 musam
316 1274 381 1336 agit.
407 1275 543 1329 baernum
559 1275 647 1327 secati
665 1277 729 1326 sunt
746 1270 823 1338 blps.
834 1270 876 1320 lu.
890 1268 994 1320 Graec.
1008 1268 1082 1320 Dav.
1100 1266 1145 1319 ot.
1159 1268 1229 1334 (lod,

185 1355 299 1407 quorum
322 1347 475 1405 postremus
499 1346 580 1397 unlus
604 1344 705 1398 codicis
730 1341 781 1393 ox.
804 1337 995 1392 auctoritatem
1017 1329 1054 1391 ed
1079 1338 1165 1404 duos,
1193 1337 1230 1402 qui

185 1415 282 1477 erant,
305 1411 416 1464 adiecit.
450 1415 505 1466 blei
526 1427 620 1467 omnes
636 1427 698 1467 cum
715 1412 788 1465 iiev.
802 1411 828 1461 A
844 1417 873 1462 et
889 1405 996 1462 retiae
1011 1405 1042 1460 lu
1058 1406 1158 1461 ariete
1174 1418 1230 1459 con-

185 1480 321 1546 sentiuntq
345 1495 397 1534 nec
413 1482 496 1536 aliter
513 1485 654 1536 Albenm.

153 1646 204 1689 teu
220 1636 320 1688 seriem
333 1637 498 1691 publicarum
511 1638 629 1693 instituit
642 1650 697 1691 aov
718 1634 790 1705 quod
801 1631 897 1687 cicero
909 1632 975 1698 τοι.
989 1644 1015 1684 c.
1028 1632 1065 1687 17
1082 1628 1188 1698 scribit,
1201 1642 1231 1683 to

155 1704 231 1758 ducit
249 1718 299 1756 seu
319 1719 401 1760 unam
418 1718 479 1771 poet
498 1711 613 1764 alteram
632 1706 677 1760 in·
720 1719 776 1775 qtto
793 1703 874 1763 allel
893 1703 942 1755 llll
958 1700 1117 1754 sublim·
1137 1700 1170 1753 ὄπ
1191 1713 1233 1753 vl·

155 1776 244 1842 agens
263 1776 430 1843 adigensque
449 1778 518 1831 iacit
537 1788 568 1831 ιιι
589 1778 678 1831 serica
720 1774 794 1830 certe
806 1770 985 1840 actionibus,
1007 1772 1042 1823 dc
1061 1770 1178 1823 animali
1194 1781 1234 1833 pro

96 1864 101 1874 ·
158 1853 331 1910 augeaturet
352 1857 456 1900 certum
476 1850 617 1915 usquead
635 1850 680 1901 lo-
722 1845 828 1898 bomine
848 1842 1039 1893 substituendo
1064 1840 1233 1894 inmolando

158 1926 221 1966 com
236 1906 407 1977 producatur.
443 1920 533 1983 Amne
549 1917 577 1969 id
590 1918 681 1980 ipsum
722 1911 1070 1981 quaintelligendumesse
1082 1908 1234 1962 Vrsinuslo

160 1981 279 2046 scriptor
304 1986 379 2036 velle
402 1984 509 2039 videtur
537 1988 681 2053 additoque
723 1982 896 2038 adncmione
915 1980 951 2032 ad
970 1982 1042 2032 banc
1057 1978 1235 2032 cunensiu-

161 2051 273 2119 obltqae
292 2055 460 2105 docere-nou
480 2054 583 2109 directe
603 2065 682 2107 trans
724 2067 787 2105 cum
817 2049 903 2102 certis
939 2048 1032 2101 docuit
1068 2049 1235 2115 arguments.

162 2124 262 2173 damen
306 2126 385 2174 actas
425 2123 514 2175 tuisse
548 2121 683 2176 sublicae.
723 2119 852 2175 Subllca'e
865 2130 934 2171 vcro
945 2118 1095 2186 subiectae
1111 2118 1235 2185 dicmur,

162 2190 254 2246 Vnam
268 2189 351 2255 igitur
367 2202 480 2258 eamque
500 2192 684 2246 firmissimam
726 2190 792 2256 quia
804 2186 962 2241 humiliores
977 2196 1069 2252 erent,
1087 2197 1121 2240 ιιι
1133 2203 1169 2241 ex
1180 2201 1237 2252 pon·

161 2257 287 2312 medicin
298 2258 493 2326 numinequam
507 2261 628 2326 proxime
639 2263 684 2313 in·
726 2269 754 2311 tc
773 2258 989 2323 despicerentur.
1032 2258 1132 2324 bisque
1156 2256 1237 2319 inepte

163 2328 211 2381 lta
229 2337 337 2390 pontem
364 2329 490 2380 adactam
516 2338 683 2382 emtuamust
726 2329 762 2382 ad
774 2328 849 2379 illam
884 2324 1146 2389 quaesusumus,
1163 2324 1238 2375 subil-

163 2391 360 2444 bulo·aiteram
374 2407 542 2458 opponamus
562 2399 597 2449 ad
615 2398 686 2449 sini·
726 2392 822 2447 carum
844 2359 1047 2455 dispositionem
1066 2392 1164 2445 uictis
1175 2406 1239 2446 con-

164 2469 265 2523 suram,
282 2472 336 2512 non
358 2465 534 2534 parallelum,
552 2469 602 2518 sed
615 2479 686 2531 pao·
727 2462 834 2527 paratio
855 2461 973 2514 videtur.
1020 2461 1241 2522 Quemadmodum

164 2530 222 2581 lum
235 2530 435 2584 adinlericnem
448 2533 567 2585 dominis
579 2537 686 2598 partem
727 2532 800 2583 enim
817 2528 892 2584 aries
911 2540 1033 2596 murum,
1056 2528 1100 2582 sic
1120 2530 1186 2582 illae
1197 2543 1242 2580 un·

164 2609 263 2648 versus
276 2598 450 2671 obliquatam,
465 2603 574 2655 tertiam
589 2603 686 2656 deiude
728 2603 823 2653 darum
842 2600 899 2651 vim
917 2598 1092 2662 menaehem.
1128 2600 1165 2650 lit
1183 2601 1242 2651 bene

164 2668 201 2737 ad
214 2668 336 2719 dextram
352 2670 412 2734 pari
424 2673 502 2724 modo
512 2672 687 2738 obliquatam,
730 2668 933 2733 iiot'omaunus,
964 2667 1012 2733 qul
1036 2667 1149 2732 oblique
1171 2677 1243 2721 sams

166 2745 250 2801 atque
258 2738 298 2789 ita
312 2738 440 2801 deinceps
455 2754 539 2806 usquc
553 2740 689 2805 adripam
730 2738 852 2790 sublicas
878 2737 952 2788 siout
976 2748 1028 2789 nos
1056 2736 1246 2802 interpretatus

167 2815 326 2873 utramque,
343 2809 385 2859 sic
398 2816 429 2860 ιιι
441 2812 494 2863 duo
510 2812 609 2877 obliqui
622 2814 689 2863 sub.
730 2816 790 2876 est,
806 2805 949 2858 ciceronis
962 2805 1029 2870 [seg.
1044 2808 1072 2872 2,
1086 2810 1107 2858 6
1124 2807 1246 2874 adhibuit,

167 2875 284 2928 licarum
305 2878 414 2929 ordines
435 2892 453 2931 a
471 2881 559 2931 medio
579 2880 689 2932 flumine
730 2877 777 2930 ubl
795 2875 887 2928 maula
903 2874 988 2942 quast
999 2878 1105 2929 rostro
1119 2875 1191 2942 (lodi
1204 2877 1248 2927 ili-

163 2946 270 2996 'versus
284 2945 359 3007 ripas
379 2948 497 3009 porrecti
515 2963 625 3001 crurum
645 2949 690 3000 ln-
732 2945 933 2999 brenosamnia
946 2943 1057 2997 dicitnr.
1089 2947 1184 2997 Etiam
1196 2947 1249 2996 sin·

165 3020 230 3067 'star
242 3017 370 3080 angulum
384 3019 507 3068 obtusum
528 3019 691 3084 adprimam
733 3016 838 3082 gularis
852 3011 1011 3077 aptissimus
1029 3020 1090 3081 est,
1116 3014 1143 3065 si
1162 3028 1249 3068 omnes

170 3082 246 3136 mem
260 3093 289 3133 et
308 3085 423 3136 mediam
441 3088 575 3140 sublicam
592 3087 691 3139 citice-
733 3085 855 3137 sublicae
870 3084 985 3147 liguram
998 3095 1078 3149 eam,
1103 3099 1175 3149 quae
1194 3099 1251 3137 oum

171 3154 240 3205 rent
258 3152 319 3203 iiac
333 3155 451 3206 adbibita
466 3155 691 3219 interpretatione
732 3155 819 3207 ariete
831 3154 1015 3223 comparatur,
1030 3150 1198 3209 eliciebant.
1214 3156 1253 3206 dd

169 3230 224 3273 tlon
239 3225 326 3275 solum
337 3224 376 3274 ad
389 3225 557 3288 aptissimum
570 3239 634 3276 esse
648 3226 691 3277 ln.-
733 3223 944 3288 praepositionis
956 3236 1037 3274 usum
1050 3225 1087 3275 oi.
1102 3225 1129 3290 3,
1149 3224 1182 3275 18
1199 3223 1253 3286 §.³

170 3290 303 3356 colligitur
310 3294 468 3357 sublicaque
480 3294 588 3359 oblique
601 3297 635 3346 ad
647 3295 692 3346 in-
734 3294 786 3361 qoi
794 3292 841 3344 adt
850 3305 907 3358 pro
916 3293 1098 3361 pertupoeod
1108 3306 1157 3345 eoa
1166 3294 1253 3346 vend.

170 3361 298 3414 leniorem
307 3372 409 3425 partem
418 3363 534 3414 dominis
542 3372 621 3415 actas
633 3366 692 3416 iere
786 3366 815 3413 ot
827 3375 888 3413 cam
899 3364 971 3414 omni
985 3376 1068 3426 opere
1081 3362 1254 3421 coniunctae]

170 3431 266 3482 eodem
285 3433 341 3483 dici
359 3433 437 3484 modo
459 3435 551 3507 appot,
572 3434 604 3484 1²
628 3431 654 3494 S.
675 3430 693 3485 5
734 3429 776 3484 ita
788 3441 970 3497 comparatae,
983 3440 1014 3483 ιιι
1026 3434 1062 3484 od
1075 3433 1256 3496 nnllanope·

170 3500 318 3553 simiasd
331 3501 466 3566 oppwatm
484 3502 560 3554 actis
579 3503 692 3569 attali
736 3501 778 3553 ris
805 3505 908 3565 partem
934 3514 988 3552 non
1004 3501 1199 3563 ,pertinerent3
1230 3499 1256 3551 id

66 3582 71 3589 ·
174 3569 242 3631 Μ
271 3571 411 3623 matema
429 3572 468 3624 ad
487 3582 622 3638 aqqerem
645 3571 696 3622 ol·
736 3570 808 3636 quod
839 3568 1040 3633 propinquitate
1068 3569 1254 3636 eliciebatur,

174 3650 300 3704 aeaoqm
313 3641 399 3708 ociis,
412 3643 460 3692 sed
470 3641 552 3693 etiam
566 3654 610 3706 ea,
624 3653 695 3704 quae
737 3638 845 3691 etiamsi
856 3650 926 3701 opus
945 3639 1033 3701 ipsum
1048 3650 1103 3690 non
1118 3639 1256 3704 oontioge·

176 3719 338 3773 sanantur,
362 3711 513 3763 faciliorem
531 3712 695 3776 explicatio·
737 3717 808 3762 rent·
852 3709 930 3770 Quod
953 3707 978 3759 si
1000 3707 1091 3771 peina
1114 3711 1257 3771 eademque

175 3788 237 3827 nem
253 3780 361 3829 babent.
737 3778 827 3830 medis
839 3778 947 3830 sublloa
958 3791 1041 3828 unum
1054 3777 1163 3828 duosve
1177 3779 1255 3840 pedes

226 3857 275 3907 pro
289 3848 376 3899 ariete
391 3846 545 3908 sublectae]
562 3849 598 3898 ad
610 3858 697 3913 aquas
737 3847 812 3900 inira
832 3851 940 3910 pontem
960 3847 1047 3897 inllxa
1060 3847 1096 3896 ab
1109 3859 1196 3911 eaqm
1208 3848 1255 3896 do·

175 3918 340 3978 rumpendas
362 3915 403 3967 sic
421 3917 576 3991 subiectae,
601 3925 631 3967 ιιι
650 3915 696 3980 qui
738 3917 792 3968 ctis
805 3916 921 3980 obliquis
938 3914 1079 3966 ordinibus
1094 3917 1199 3969 duobus
1212 3926 1257 3965 rc·

177 3984 260 4048 volgo
272 3987 390 4036 vocatur
405 3986 488 4045 aries·
498 3987 533 4038 ad
550 3984 696 4037 murosdi·
738 3986 829 4050 liques
847 3984 888 4036 ita
905 3986 1012 4048 positae
1025 3993 1125 4052 erant,
1148 3992 1180 4036 ιιι
1190 3986 1256 4035 duae

176 4056 294 4105 ruendos
308 4053 429 4105 adbiberi
440 4056 522 4108 solet.
545 4056 615 4106 llam
629 4054 696 4108 aab·
738 4063 876 4106 extremae
889 4054 998 4119 lomus
1011 4053 1133 4119 ceteris,
1151 4055 1200 4113 sed
1215 4062 1256 4103 oa·

74 4208 78 4219 ι
175 4121 227 4175 liei
240 4123 468 4192 blcqnldemnon
487 4123 645 4192 dimbatnr,
666 4130 696 4176 et
737 4136 799 4179 men
812 4122 931 4190 etipsae
947 4134 1053 4190 pancos
1063 4125 1149 4191 pedet
1163 4134 1255 4188 apua·
