2572 4688
421 248 526 327 nro.
552 248 603 323 ru
647 229 771 324 cnr.
795 249 843 323 cs
895 268 902 285 ·
1109 250 1177 326 sss
1259 358 1262 363 Ι

92 443 210 514 Sextio
231 438 381 524 Baculo,
410 440 598 512 iortisiimo
609 441 702 524 viro,
721 439 840 509 multis
856 436 1081 528 gravibusque
1100 441 1175 508 vul-

88 533 229 601 neribus
250 530 420 635 coniecto,
449 537 490 598 ui
510 531 576 598 iarn
598 551 637 597 aa
658 531 826 597 sustinere
847 550 912 633 non
930 534 1067 634 posset,
1092 528 1174 594 rali-

89 643 175 710 quos
195 640 272 687 essa
290 616 477 701 tardiores,
503 624 540 686 et
559 619 739 687 nonnullos
760 617 803 685 ab
821 637 1013 685 novissimis
1035 615 1172 684 deserto

118 783 235 845 pterea,
257 775 347 842 magis
368 787 403 828 ex
420 774 471 830 ills
486 787 581 840 parum
592 775 733 828 intellecta
743 773 876 840 originem
888 771 1034 843 habuisse,
1051 785 1130 839 qun
1143 770 1173 825 in

116 846 197 902 iliam
218 849 403 911 degenerasse
423 845 573 898 verisimile
590 847 743 898 videbatur.
784 843 986 908 oudendorpius
1014 855 1098 910 vero,
1125 841 1172 906 qui

118 916 283 982 Primopilo
296 916 397 981 tenuit,
413 927 468 968 non
479 929 555 981 eam,
570 929 651 981 quam
665 915 827 980 allionysio
840 910 967 967 traditam
979 913 1094 977 osunui,
1111 912 1173 962 ior-

118 1000 192 1041 msur
211 985 378 1050 praetulisse
397 987 532 1048 putandus
552 993 597 1036 cst
619 989 686 1050 (qun
698 987 776 1037 modo
790 984 861 1036 enim
873 983 919 1049 qui
936 981 1101 1048 principium
1112 981 1172 1033 ua,

119 1057 208 1110 tinum
227 1068 291 1106 esse
309 1058 439 1122 negaret,
461 1055 631 1120 primarius
650 1049 773 1116 serrati)
797 1055 846 1105 setl
868 1053 1085 1122 primumpilam
1109 1047 1171 1100 exi-

120 1127 250 1178 stimasse
262 1124 342 1188 primi
353 1124 403 1187 pill
416 1125 599 1178 centurionem
611 1125 704 1178 eodem
716 1124 794 1177 modo
805 1121 876 1189 clici,
893 1134 945 1188 quo
956 1123 1071 1190 primae
1083 1117 1173 1185 prin«

117 1209 186 1260 cepa
207 1199 236 1246 et
252 1192 367 1260 primae
386 1192 520 1247 iactatus
539 1190 680 1245 ‹licebutnr
699 1193 779 1258 primi
796 1192 947 1255 principum
960 1200 989 1242 at
1001 1193 1171 1243 hastatorum

117 1263 254 1328 manipuli
273 1263 405 1314 centurio.
440 1265 515 1323 Quae
535 1262 640 1331 opinio,
663 1274 822 1327 quamquam
841 1269 869 1314 eo
887 1261 1035 1314 Garatonio
1055 1260 1090 1312 ad
1110 1254 1170 1310 cic.

117 1332 193 1386 l’lil.
206 1336 256 1397 12,
276 1332 294 1383 8
310 1333 338 1383 ct
351 1332 531 1395 compluribus
542 1330 674 1395 probata,¹
686 1333 732 1397 qui
745 1332 826 1384 atium
842 1333 867 1382 l.
880 1331 899 1384 l.
914 1330 1009 1399 ummo
1021 1328 1081 1395 pilo
1097 1326 1170 1377 scri-

118 1404 204 1468 bunt,
233 1400 315 1467 milti,
344 1412 406 1452 cum
425 1403 573 1467 singularis
592 1400 704 1455 triarius
723 1415 774 1453 scu
791 1401 899 1464 manus
920 1412 1071 1466 nusquam,
1098 1395 1171 1460 quod

119 1472 224 1538 eciem,
239 1471 318 1535 pilus
332 1471 501 1537 appelletur,
518 1485 605 1534 neque
617 1471 673 1521 illis
685 1471 816 1533 exemplis
831 1469 900 1521 satis
913 1468 1069 1523 confirmari
1080 1474 1169 1528 nequa

116 1549 280 1607 propterea,
296 1539 533 1607 condecorari,
547 1542 583 1591 3⁰
595 1552 659 1606 cos,
677 1553 744 1603 quos
757 1542 793 1592 io.
806 1541 842 1592 28
856 1538 1020 1608 primorum
1032 1535 1169 1588 aruinum

116 1609 304 1663 centuriones
323 1618 494 1676 vocaveram
512 1610 623 1675 primos
639 1610 758 1661 ordines
777 1617 859 1660 vocat
883 1611 962 1668 (cum
973 1621 993 1660 o
1004 1602 1169 1669 Ocitapri-

116 1680 228 1745 miscus
247 1669 397 1730 ordinibus
416 1681 531 1739 acriter
548 1680 756 1740 resisteretur)
780 1688 828 1730 ano
840 1685 951 1742 propter
965 1673 1167 1738 inscriptiones,

114 1750 207 1813 qualis
220 1749 264 1799 est
276 1748 348 1808 apud
361 1748 507 1801 Gruterum
523 1762 549 1812 p·
563 1745 627 1817 437,
644 1747 661 1800 t
678 1746 724 1809 (0.
741 1747 888 1801 Mssl'l'lo.
906 1744 938 1799 0.
955 1745 988 1796 F.
1006 1742 1087 1797 Oiai.
1104 1742 1167 1791 SA-

116 1817 220 1870 xou1.
241 1816 365 1868 culmo.
390 1817 500 1878 Plio.)
523 1830 573 1880 pro
592 1826 670 1870 certa
690 1819 876 1882 amplectenda
893 1816 1013 1867 vitietur.
1046 1813 1167 1864 interest

115 1887 188 1939 anim
206 1885 310 1949 aliquii
326 1886 400 1938 inter
418 1888 553 1949 pluralem
575 1889 623 1945 (ia
640 1899 692 1950 quo
711 1889 747 1938 ci.
762 1885 872 1949 Lipsius
885 1887 918 1937 ie
931 1884 987 1936 mil.
1000 1882 1034 1935 ll·
1048 1884 1083 1949 2,
1100 1881 1119 1933 8
1136 1893 1166 1942 p.

115 1956 166 2016 80)
189 1961 219 2006 et
236 1955 418 2017 singularem,
441 1964 469 2005 et
488 1955 672 2018 inscriptionis
684 1955 760 2008 illius
771 1955 951 2007 testimoninm
965 1949 1044 2006 incili
1056 1947 1167 2012 ncg⁰fl⁰

116 2027 153 2076 ui
171 2024 302 2086 Dionysii
320 2024 509 2076 anctoritatem
530 2026 636 2076 traincl
654 2033 760 2094 potest,
783 2025 829 2076 cui
848 2025 1012 2088 suffragatur
1025 2019 1167 2072 Orelliaua

114 2095 201 2146 siro:
222 2094 303 2144 SEX·
318 2093 494 2146 Avulnio.
511 2095 591 2146 sllx.
608 2094 642 2146 li,
654 2096 719 2146 Alli
734 2091 748 2162 ΙΙ
762 2095 949 2148 Pulmorlh.
982 2093 1078 2153 ltaque
1097 2085 1166 2152 pri·

115 2175 161 2214 mo
172 2161 234 2228 pilo
247 2164 278 2232 ir.⁴
286 2163 306 2212 l.
319 2170 351 2213 nt
364 2175 420 2213 non
432 2162 539 2215 omnino
553 2165 747 2232 damnandnm,
768 2164 809 2216 ita
821 2161 1032 2229 postponendum
1045 2157 1174 2222 liltllnae¹

113 2234 269 2295 scripturae
280 2233 415 2283 existimo.
449 2233 525 2284 Idem
537 2234 571 2283 ds
582 2233 673 2298 primi
686 2234 739 2299 pili
752 2235 849 2287 sentio.
984 2240 988 2249 “

148 2300 300 2354 ῐοιιίεείιιιο
323 2303 398 2362 viro]
427 2301 504 2355 llaec
520 2303 610 2354 verba
624 2304 652 2355 in
669 2306 752 2356 Vini.
765 2307 800 2356 A.
818 2302 920 2355 omisso
934 2308 1023 2361 usqua
1040 2308 1059 2348 a
1074 2293 1167 2346 Meia-

112 2372 226 2436 plrraste
249 2383 383 2433 expressa
405 2370 432 2421 si-
455 2385 473 2424 a
494 2372 618 2433 pluribus
639 2372 761 2425 eiusdem
779 2373 888 2438 generis
906 2368 1047 2421 codicibus
1065 2362 1166 2430 absint,

114 2439 300 2492 coniecturam
328 2447 451 2492 nostrum
474 2441 507 2490 ie
530 2443 661 2494 correctis
681 2444 718 2494 ad
740 2434 935 2508 Epncmeriiis
959 2431 1166 2488 commentariis
1243 2458 1249 2466 -

111 2520 166 2562 non
189 2520 285 2572 purum
308 2510 448 2560 adiuvent·
487 2509 521 2564 111
543 2511 768 2576 Epicneuiious
789 2511 861 2563 enim
876 2507 984 2562 oseem
998 2504 1071 2556 nani
1085 2499 1168 2552 dubio
1259 2538 1261 2549 .

109 2592 147 2634 au
161 2590 217 2629 uon
232 2582 371 2641 posuerat.

146 2649 269 2708 deserto]
295 2650 379 2711 Bong.
403 2647 437 2696 Α.
460 2648 681 2710 quemadmodum
704 2645 861 2698 coniectura
877 2644 975 2695 luctus
993 2637 1167 2692 scribendum

112 2730 178 2771 asse
200 2719 348 2767 censuerat
371 2713 493 2779 Lipsius.
523 2717 656 2768 desertos
679 2715 776 2778 reliqui
796 2713 905 2766 codices
922 2711 1039 2774 editione
1056 2719 1167 2768 omncs3

112 2788 183 2855 quoi
207 2787 272 2853 quia
293 2786 426 2852 proximis
449 2785 544 2836 verbis
568 2787 602 2837 uo
626 2783 870 2852 manumissione,
892 2777 1167 2834 usuamsmcero

128 2940 600 3008 multisgravihnsqncvulneribus]
643 2939 804 3003 praedicata
821 2939 856 2990 oi
876 2937 988 2990 easdem
1005 2945 1053 2987 res
1067 2932 1165 2999 singu-

77 3014 105 3063 l.
119 3025 144 3062 e.
156 3014 253 3079 multis
267 3012 353 3075 iisque
366 3012 514 3075 gravibus,
532 3012 602 3072 quod
643 3012 718 3061 lares
731 3008 893 3075 pertincant,
909 3007 937 3058 ii
949 3007 1019 3071 quod
1034 3005 1163 3057 enclitica
1238 3056 1244 3069 Ι

72 3077 436 3146 nummicolarum
465 3076 601 3144 Wuttbto,
642 3077 848 3141 porticulatpcr
861 3090 892 3128 se
904 3077 1037 3129 incertum
1057 3083 1085 3126 ct
1103 3075 1163 3124 iere
1239 3082 1247 3095 ²

76 3151 182 3203 Graeci
195 3163 262 3219 uero
276 3152 347 3202 item
363 3143 452 3213 mciii
466 3152 513 3199 sai
530 3141 602 3214 iope,-
644 3159 680 3196 ex
703 3146 897 3199 sententiarum
921 3146 1010 3197 indole
1029 3145 1163 3208 colligen-

76 3216 116 3287 pni
128 3215 277 3288 τραῦματα
295 3221 402 3273 dicunt
430 3217 561 3268 Similiter
573 3214 601 3284 4,
644 3217 707 3266 dum
726 3215 871 3281 relinquito
892 3218 970 3267 velut
983 3217 1011 3266 ln.
1024 3216 1045 3266 l.
1062 3214 1163 3278 partim

77 3293 115 3341 so
136 3292 249 3340 Rhenus
268 3289 297 3339 in
317 3301 393 3340 mara
407 3288 520 3339 inilucre
535 3285 604 3336 dici·
644 3285 830 3344 multitudine,
847 3285 945 3348 partim
959 3283 1096 3349 gravitate
1108 3294 1162 3333 nou

78 3360 124 3408 iar
142 3359 244 3410 moitis
264 3357 482 3425 inpactilusquc
499 3355 603 3406 insciis
645 3355 770 3419 omnium,
785 3356 835 3405 ssd
846 3357 1035 3407 nonnullorum
1046 3370 1081 3407 ex
1091 3356 1164 3407 mul-

76 3426 191 3495 sffectis
209 3436 238 3478 at
255 3427 365 3479 Alani>
381 3427 440 3478 Nili
451 3438 523 3490 aqna
537 3425 603 3475 talis
645 3423 699 3489 tis,
732 3437 802 3488 quae
829 3427 990 3491 acceperat,
1019 3427 1164 3476 vulnerum

77 3508 162 3564 assa,
184 3498 220 3546 ut
232 3499 340 3549 multos
352 3495 509 3560 uariosque
521 3505 603 3544 ntor-
644 3492 798 3545 coniectum
820 3493 952 3546 homiuem
970 3495 1091 3559 cogitare
1110 3503 1165 3542 non
1223 3522 1225 3525 -

77 3565 261 3634 iocefficiat.
283 3561 603 3630 Ci.7‚15!ottod(op-
645 3571 701 3614 tarn
721 3565 885 3629 verborum,
918 3576 998 3628 quam
1016 3563 1058 3615 rci
1077 3563 1165 3627 ipsius

77 3635 172 3699 pisum
190 3637 355 3693 Avaricum)
383 3657 420 3671 -
439 3646 529 3685 acum
548 3634 603 3684 lsa-
644 3631 716 3686 ratio
727 3636 814 3686 vetat.
848 3633 954 3686 Rursus
968 3633 1073 3686 tollitur
1086 3630 1165 3684 ‹lubi-

77 3703 145 3757 isat
177 3707 208 3758 ci
237 3704 450 3771 peranpastom
481 3703 602 3754 odilone.
645 3700 714 3754 tatio
734 3703 878 3754 vernorum
896 3703 1036 3770 positura,
1061 3705 1089 3754 ct
1103 3714 1166 3754 mct-

79 3774 142 3826 (liv.
156 3774 189 3842 1,
207 3773 256 3826 50:
280 3775 313 3825 io
331 3787 422 3826 auom
442 3774 531 3838 cique
548 3786 605 3824 an·
646 3769 696 3839 poi
722 3772 862 3837 multione
885 3772 1020 3826 intercisi
1045 3773 1167 3825 scamus
1248 3767 1253 3776 '

80 3844 199 3912 prasium
212 3846 316 3896 lucem.
350 3843 432 3894 Alex.
445 3840 496 3894 48:
513 3843 606 3892 meula
647 3841 733 3892 colles
747 3841 948 3904 aprillirtium
964 3846 1044 3895 Alex.
1056 3847 1092 3899 72
1109 3847 1167 3898 tam

79 3914 240 3978 praetereo
274 3915 307 3965 el
335 3924 442 3980 mayoc
474 3911 607 3977 proemia
650 3919 725 3963 certo
756 3918 820 3962 sunt
848 3913 928 3965 multi
956 3912 1029 3979 iique
1064 3914 1165 3982 magni,

82 3981 204 4049 eloquiis
227 3981 408 4036 concedebat.
449 3982 544 4046 Atque
563 3979 607 4031 his
650 3992 731 4044 quam
751 3978 837 4033 mulli
856 3984 888 4035 ct
902 3983 1001 4053 magni
1020 3984 1169 4052 velutque

82 4051 170 4120 locis,
202 4051 249 4117 qui
276 4053 307 4107 et
326 4052 374 4104 vel
391 4052 479 4117 atoue
501 4050 608 4119 labem,
652 4050 760 4120 mopsi.
796 4049 839 4101 ci.
853 4051 890 4102 io.
904 4051 956 4113 47:
975 4052 1079 4122 porois
1096 4068 1170 4122 pars·

85 4121 202 4178 inuitari
216 4135 272 4179 nnn
286 4129 393 4192 potest,
413 4119 478 4189 quin
494 4128 610 4190 uaeque
655 4118 757 4192 cuasa
769 4118 903 4192 cariquc.
