2572 4688
158 304 226 377 sto
399 286 497 370 on
522 297 704 371 uento
732 280 987 370 untttco

26 495 28 500 ’
113 506 141 583 ¹7
152 467 285 561 nautis
300 491 342 556 ab
362 496 512 558 extremo
529 470 913 596 purtodistinebuntnrq
974 470 1101 574 quibus
1120 478 1239 585 iiheiu·

111 590 130 621 ·’
157 583 212 648 sis
227 587 329 666 atque
344 579 379 643 in
394 588 596 646 contrariom
611 585 742 666 partem
757 577 917 644 revinctis
929 578 1027 640 tantu
1041 574 1118 638 erat
1131 590 1238 658 opens

152 665 335 736 ‘firmitudo
350 674 450 753 utque
463 689 505 732 eu
519 687 630 731 rerum
646 671 786 745 natura',
807 670 849 729 ut
865 682 931 750 quo
944 661 1055 731 maior
1067 658 1120 726 vis
1137 679 1157 722 a
1204 676 1238 721 ue

120 763 200 826 8se
227 755 456 835 incitetissot,
491 754 552 818 hoc
570 753 687 833 ⁸artius
708 752 840 849 illigata
872 756 1080 843 tenerentur.
1151 678 1202 810 ff

1188 764 1238 809 ἃθθ

230 910 441 970 distinebantur]
463 909 595 978 „desitne
612 909 661 960 uei
677 908 767 961 detta
782 910 861 959 MSS.
878 902 996 970 panci.“
1023 901 1237 957 oesttmtmiur

195 983 277 1032 vind.
291 980 340 1032 nl.
361 980 559 1031 destinabatur
577 981 655 1031 Vrat.
671 980 700 1027 tt.
723 977 927 1030 attinebantur
940 978 1025 1029 Voss.
1038 977 1075 1025 A.
1089 986 1147 1025 sec.
1162 971 1236 1022 Febr.

151 1053 245 1103 ‚nite
270 1051 300 1099 it.
323 1050 403 1099 Gotb.
427 1053 461 1098 A.
483 1050 565 1100 Vind.
588 1047 619 1098 G.
648 1046 832 1100 detinebitur·
854 1048 938 1098 vind.
957 1045 990 1096 [ι’.
1020 1042 1235 1097 destinabantur

194 1121 275 1171 Vrat.
293 1119 327 1167 Α.
342 1130 411 1182 quae
429 1119 489 1168 iere
506 1117 626 1168 solennis
643 1125 685 1166 est
702 1120 794 1168 borum
811 1116 946 1169 contusio.
1047 1129 1052 1141 ·
1217 1173 1222 1188 ¹

227 1188 253 1247 S.
268 1189 294 1239 7.
328 1187 456 1247 inligata]
481 1187 563 1237 Voss.
581 1188 615 1234 A.
633 1187 709 1248 itgm
728 1200 783 1237 sec.
798 1180 879 1236 rubr.
895 1187 978 1247 Bong.
990 1184 1024 1233 Δ.
1038 1181 1121 1233 Vrat.
1135 1181 1170 1230 A·
1186 1178 1234 1236 (itt

193 1257 226 1306 in
240 1257 307 1322 ttq.)
323 1268 376 1313 uon
393 1257 464 1322 ittip.
479 1257 588 1324 (lipsio
602 1255 684 1306 Vini.
700 1257 735 1310 A.
758 1256 880 1323 oiiipoio
892 1255 973 1306 Goth.
985 1251 1117 1327 &Vinii
1132 1250 1168 1309 D.
1183 1247 1233 1309 edd.

152 1337 157 1345 ·
183 1332 258 1379 nante
274 1326 352 1386 Aid.)

77 1504 83 1516 .
158 1454 297 1528 inioionq
318 1454 535 1527 uictoriatos,
558 1459 605 1516 bot
625 1456 682 1516 eine
721 1460 780 1514 iebi
798 1458 937 1513 tendentia
955 1453 1177 1537 retrahentibuy
1197 1457 1232 1503 it·

152 1527 234 1588 ¹&obt
253 1531 296 1586 bct
319 1528 353 1595 ite
374 1527 580 1594 ottinioienbco
603 1528 680 1589 aaut
723 1545 775 1595 que
796 1535 846 1582 noc
864 1534 908 1581 est
928 1527 1105 1593 revincire,
1136 1522 1231 1574 vinonio

159 1601 205 1656 bet
218 1612 278 1654 bom
293 1602 408 1665 ottbtrn,
426 1599 540 1664 ottenb.
721 1601 823 1664 atiquid
841 1613 874 1650 ue
888 1600 1101 1662 promoveatur,
1118 1592 1231 1670 retineto

211 1670 280 1721 binis
290 1671 421 1735 utrimque
435 1672 526 1720 obiitin
540 1671 575 1720 ab
589 1676 682 1719 extre·
723 1669 767 1720 ci.
781 1673 813 1733 3,
828 1671 861 1718 ts
877 1667 904 1728 S.
919 1667 936 1718 5
949 1678 1079 1719 ancorae
1089 1675 1147 1728 pro
1161 1661 1232 1728 soat-

158 1750 204 1791 nia
216 1749 295 1801 parte
307 1741 516 1800 distinebantur]
535 1742 681 1804 'signorum
722 1738 773 1789 bus
805 1736 916 1806 ferreis
942 1735 1056 1787 catenis
1085 1731 1230 1785 reomao.

157 1810 332 1872 utrorumque
346 1821 429 1870 prona
443 1822 476 1859 uc
486 1810 618 1875 instigate
632 1819 681 1870 po·
722 1811 751 1874 7,
769 1811 804 1858 23
821 1806 847 1867 8.
863 1807 880 1858 t
905 1805 1035 1862 meteriis,
1047 1824 1084 1840 ·-
1094 1798 1230 1866 perpetiit

160 1877 248 1927 situra
261 1878 287 1926 id
300 1878 388 1928 moliri
403 1879 555 1944 videbatur,
573 1880 603 1928 ut
616 1891 681 1939 pro·
723 1876 852 1930 tratione
863 1877 950 1939 pedes
964 1875 1170 1940 quadrupenot
1179 1869 1230 1934 pit·

159 1947 317 2015 iuberentur
345 1950 525 2010 prolapsaque
563 1948 679 2013 coirent,
722 1959 844 2009 ruraque
857 1946 1008 1997 introrsus
1023 1942 1168 1995 revincta
1197 1937 1229 1986 ib

153 2015 210 2064 ‘sed
229 2015 349 2064 trabibus
368 2016 490 2066 inmissis
512 2015 678 2066 distineban·
723 2018 759 2068 73
788 2015 817 2077 8·
841 2018 858 2066 3
893 2015 1064 2078 stipites-
1084 2011 1120 2062 ab
1146 2003 1228 2072 intimo
1276 2012 1278 2017 ⁴

154 2089 205 2132 tur
219 2094 270 2148 eo,
294 2084 364 2145 quod
385 2083 440 2134 bini
456 2082 589 2147 utrimque
603 2080 678 2134 ciavi
721 2083 904 2149 restrictione
917 2080 1156 2145 reoettipossent.
1169 2078 1227 2127 itu-

157 2150 203 2211 (id
216 2153 291 2200 certe
302 2151 529 2212 simpiicissimum
542 2165 628 2216 genus
642 2150 679 2200 ii·
721 2153 804 2204 debut
821 2164 911 2203 autern
931 2153 975 2202 bio
995 2151 1143 2201 fibularum
1166 2140 1228 2210 quad

156 2219 296 2278 ituiarum)
328 2228 404 2271 treus
424 2221 601 2284 prominentia
619 2226 678 2270 tra·
721 2225 835 2273 coriatus
847 2220 875 2271 in
883 2219 1048 2273 contrariam
1055 2221 1228 2283 pertemere

155 2288 231 2339 bium
245 2287 337 2351 capita
350 2290 441 2341 adacti
457 2284 542 2341 erant.
568 2289 678 2340 utrim-
719 2291 864 2352 superiora
882 2290 974 2354 tigna,
1003 2299 1076 2353 quae
1096 2284 1239 2338 secundun·
1276 2340 1278 2349 ¹

158 2369 214 2424 que
232 2359 267 2407 ad
288 2358 421 2409 utramvis
444 2358 576 2422 tignorum
598 2359 677 2408 bino·
719 2358 837 2411 fluminis
866 2364 989 2411 naturum
1020 2355 1229 2422 procumbebant,

152 2436 217 2479 t'urn
232 2439 388 2490 compagem
409 2427 479 2478 duas
499 2427 586 2479 tuisse
606 2428 677 2478 fibu-
719 2439 817 2480 contra
836 2429 935 2479 flumen
955 2429 1146 2491 retraherent,
1168 2423 1228 2472 inte·
1267 2462 1278 2487 ·:

156 2497 201 2548 iss
216 2495 370 2562 siguificat,
393 2496 495 2561 'easque
515 2496 609 2548 ambas
625 2511 676 2546 cx·
716 2492 793 2550 riora'
805 2501 900 2549 contre
913 2492 1228 2565 impetumnumtutseou-
1276 2506 1278 2540 ι

117 2574 120 2583 ·
155 2564 294 2615 trinsecus
308 2564 408 2617 infixas
427 2568 571 2619 ostendunt
590 2567 676 2617 verbe
717 2581 803 2619 versu
814 2576 888 2618 retro
907 2566 1055 2616 secundum
1068 2560 1229 2614 numentu-

155 2633 191 2685 αι
210 2637 345 2686 ectremo
362 2638 467 2703 porte,
499 2648 538 2686 se.
560 2635 676 2686 trabium
718 2639 783 2688 bere
796 2638 953 2687 niterentur.
973 2633 1023 2685 sio
1038 2632 1116 2697 tigne
1128 2635 1230 2694 ubsque

153 2702 347 2767 inmissurum
380 2708 407 2756 et
426 2706 497 2770 quod
518 2704 546 2756 in
565 2713 677 2756 contra·
716 2707 748 2758 io
766 2706 950 2758 contrariam
966 2705 1087 2772 porteto
1106 2701 1231 2757 retineto

93 2790 103 2809 ν
154 2771 225 2823 rium
251 2781 356 2835 partem
386 2774 520 2825 revincto
550 2773 675 2825 dicuntur
717 2776 815 2829 oront.
1158 2770 1188 2805 ·=.·.

154 2841 248 2907 tigna,
272 2843 337 2892 item
355 2857 425 2907 quse
444 2845 477 2894 de
492 2843 522 2893 vi
540 2854 627 2906 aquae
644 2856 675 2894 se
769 2847 849 2908 atque
862 2855 896 2894 ea
910 2853 1002 2893 rerum
1015 2842 1131 2901 nmnru]
1156 2838 1197 2891 ct.
1208 2835 1232 2905 i,

153 2910 284 2962 incitante
296 2920 452 2979 narrantur,
466 2925 527 2962 eam
542 2913 676 2972 interpre-
717 2911 753 2964 tt
780 2914 865 2964 tanto
889 2911 1014 2964 miiitum
1031 2911 1134 2962 uirtus
1152 2911 1233 2974 utque

58 2984 60 2989 '
153 2979 285 3031 tationem
304 2978 475 3031 confirmant.
509 2980 674 3032 Memorabi-
718 2971 932 3047 topramentui
949 2978 1042 3031 ommi
1057 2980 1138 3046 fuit,
1154 2980 1189 3030 ut
1203 2999 1234 3016 -

154 3047 191 3098 iis
205 3050 365 3100 tentemini.
383 3049 520 3101 velocitas
539 3059 583 3100 est
601 3051 674 3100 scri·
715 3062 808 3117 paene
821 3062 857 3103 ne
865 3050 1029 3115 respiceret
1038 3045 1233 3115 quidemqui-

128 3182 130 3187 k
153 3116 256 3182 pteris,
280 3131 333 3183 qna
345 3118 500 3170 firmitudini
520 3118 610 3182 operis
625 3120 675 3168 de·
718 3133 812 3186 quarn.
834 3120 881 3172 ubi
895 3120 919 3171 st
933 3132 983 3182 pro
999 3117 1171 3185 praesentio
1188 3127 1233 3178 po-

151 3188 344 3238 monstraudse
364 3188 483 3238 intentus
500 3187 616 3239 trabium
629 3187 674 3237 in·
716 3186 942 3256 natur'irtdoleo,
974 3189 1064 3238 torma
1086 3185 1233 3238 sententiae

153 3253 299 3307 missorum
322 3257 457 3309 mentione
482 3257 571 3309 obiter
598 3258 673 3309 tacta
715 3259 809 3313 eedem
823 3259 881 3325 flat,
894 3271 963 3323 quae
978 3259 1168 3309 boe-tocoest.
1185 3253 1235 3305 Sed

153 3323 246 3374 statim
272 3337 326 3387 qua
348 3327 455 3377 ratione
488 3324 528 3377 eis
550 3326 672 3377 inmissis
715 3329 766 3380 boc
780 3328 887 3392 iouoid,
902 3325 1235 3392 quotsequttur,nopro=

151 3390 229 3454 tigna
240 3391 442 3459 distinerentur,
456 3396 583 3463 ostendit,
594 3394 673 3460 quasi
713 3397 787 3449 xime
801 3399 969 3460 praecedens
987 3395 1095 3462 magis,
1110 3406 1191 3459 quum
1202 3392 1234 3443 ad

152 3460 274 3512 inmissio
287 3461 336 3513 iiia
348 3475 402 3514 non
420 3464 526 3516 omniuo
548 3467 582 3516 ad
603 3478 673 3529 pon·
715 3455 791 3527 print
806 3475 850 3516 est
861 3467 1104 3518 accommodatum.
1139 3461 1234 3525 operis

152 3532 208 3581 tem
230 3531 402 3582 efficiendum
422 3534 596 3599 necessaria,
623 3535 673 3584 sed
713 3536 784 3585 enim
798 3531 1234 3602 tirmitudotantaeret,'utuulis

152 3606 257 3650 tentum
270 3602 304 3663 ad
324 3601 477 3653 distinendo
496 3603 572 3668 tigna
590 3602 672 3654 insti-²
714 3603 745 3653 vi
771 3604 970 3669 aquae-everti
995 3602 1110 3668 posset,
1145 3610 1233 3652 rerunt

150 3670 212 3720 tuta
228 3669 338 3720 fuisset.
658 3704 661 3709 -
714 3677 781 3729 vero
794 3681 957 3739 naturaei,
980 3667 1232 3738 utquomeiorvis

203 3736 230 3795 S.
249 3739 276 3789 7.
317 3736 415 3802 quibus
439 3737 568 3790 disclusis
589 3746 671 3802 atquo
714 3748 802 3807 aquae
829 3756 860 3795 se
874 3743 1039 3811 incitasset,
1073 3752 1109 3793 eo
1130 3737 1232 3792 firmius

150 3803 180 3854 in
204 3808 368 3858 contrariam
393 3810 498 3870 purtem
522 3807 670 3871 revinctis]
712 3808 802 3862 tieret.

151 3872 325 3928 Dicetudere
346 3883 389 3925 est
407 3889 553 3943 separare,
589 3877 670 3929 disti·
763 3892 796 3930 se
812 3877 1001 3942 incitavisset]
1047 3877 1093 3933 ct.
1113 3877 1175 3931 adn·
1192 3886 1230 3929 tr·

150 3955 228 4011 nere,
245 3947 314 4011 ut7,
332 3945 351 3995 8
367 3959 449 3996 mono
460 3946 603 4014 Cevenna,
620 3947 670 4012 qui
711 3949 787 4016 adt,
803 3942 839 4000 10'
854 3949 881 4011 S.
894 3954 921 4002 3.

148 4012 300 4065 Aruernos
325 4015 360 4065 ab
389 4016 498 4066 tietoite
523 4008 669 4068 dedidit.
717 4017 860 4083 mttgate
879 4016 1053 4079 tenerentur]
1088 4012 1182 4068 trabes
1203 4018 1228 4062 et

148 4081 378 4134 Disciudebantur
397 4089 489 4136 auum
510 4084 586 4148 tigna
597 4084 669 4135 tibu-
709 4085 805 4153 tigna,
821 4098 872 4141 seu
882 4087 960 4158 ispo,
976 4099 1032 4154 quo
1042 4098 1112 4140 usus
1124 4092 1168 4138 est
1179 4083 1228 4137 At-

147 4149 303 4219 iisatergo
322 4154 544 4235 eonominiectis
555 4162 584 4207 et
602 4164 668 4221 pro-
709 4157 815 4214 aerum.

433 4246 437 4253 ·
1152 4239 1234 4273 {J
