2572 4688
442 243 550 320 HR.
577 245 610 318 1.
652 242 774 321 csl‘.
799 249 824 325 3
1088 263 1095 279 “
1148 250 1172 317 Ὶ

83 429 206 520 cupidi
217 451 337 518 magno
349 428 469 513 dolore
481 432 736 513 adliciebantur.
798 428 1096 503 Promultitudioe
1109 431 1211 505 arr-4

83 527 157 587 mm
177 519 348 587 homiuum
368 528 403 588 et
423 544 485 611 pro
504 524 613 609 gloria
627 524 709 591 belli
724 526 826 609 atque
840 518 1050 591 tortitudinis
1063 539 1169 605 eugu-

83 614 163 674 stos
192 629 230 673 se
259 607 344 675 fines
373 608 497 676 habere
532 609 803 690 arbitrabantur,
840 609 900 696 qui
925 610 960 674 in
985 606 1172 691 longitudi-

83 716 162 761 nem
179 695 272 761 milia
288 718 447 784 passuum
462 719 569 780 cort„
584 699 620 765 in
632 697 844 771 latitudinem
861 694 1168 782 auxumpatebant.

83 784 119 852 3.
162 779 229 849 His
245 783 347 850 rebus
364 782 505 855 adduoti
523 793 559 853 et
577 787 777 854 auctoritate
791 782 1005 869 Orgetorigis
1022 781 1168 870 permoti

82 870 335 937 constituerunt
348 892 398 951 ea,
413 896 499 961 quae
511 872 553 940 ad
562 872 839 963 proficiscendum
848 872 1067 961 pertinerent,
1078 890 1167 935 com·

83 978 228 1045 parare,
257 959 480 1027 iumentorum
506 969 541 1027 et
561 984 733 1028 carrorum
748 982 846 1050 quam
862 959 1038 1025 maximum
1053 977 1169 1044 numo-

80 1068 161 1113 rum
179 1052 346 1129 soimere,
375 1056 541 1137 sementes
556 1073 656 1139 quam
673 1052 834 1116 maximas
850 1047 979 1122 iacere,
1006 1051 1046 1110 ut
1059 1046 1094 1111 iu
1110 1042 1168 1110 itt·

80 1156 166 1201 nere
183 1135 277 1225 copia
290 1136 452 1202 frumenti
466 1146 678 1227 suppeteret,
701 1161 777 1207 cum
797 1135 957 1226 proximis
972 1130 1167 1201 civitatibus
1235 1208 1238 1215 ¹

80 1245 201 1311 pacem
223 1231 261 1289 et
281 1225 462 1291 amicitiam
486 1227 695 1297 confirmare.
722 1248 725 1253 ’
763 1224 825 1295 Ao
845 1245 903 1294 eas
920 1244 976 1289 res
992 1218 1167 1288 conficien-
1188 1226 1210 1289 2

149 1400 359 1464 accersiantur]
385 1403 468 1467 song.
488 1403 521 1453 n.
536 1405 619 1456 voss.
634 1405 669 1457 e.
685 1394 808 1474 nonept'
1104 1424 1107 1429 ·
1138 1456 1143 1467 ,

152 1469 221 1531 Μ.
256 1471 337 1531 fines]
361 1470 433 1591 ¹‘prsis
448 1473 516 1524 oud.
535 1486 570 1523 ex
587 1476 669 1538 Bong.
686 1478 721 1526 Α.
743 1474 770 1524 in
787 1483 839 1543 quo
855 1467 1020 1523 Plrisclrlrins
1037 1463 1108 1532 fitted
1126 1464 1171 1529 le·

115 1538 174 1608 git,
199 1542 339 1605 exemplar
384 1541 552 1594 ebricienum
568 1556 586 1596 e
602 1556 683 1595 menn
698 1543 791 1611 prime·
805 1538 871 1610 pictis
888 1539 976 1591 ιιιίιιο
993 1536 1170 1590 demonstret.

113 1609 161 1662 ct.
178 1620 241 1659 ann.
258 1609 319 1659 crit.
337 1612 372 1662 cd
389 1614 442 1662 ct
462 1611 489 1672 S.
503 1613 527 1661 1.
768 1662 771 1669 ,
1051 1666 1055 1673 ,
1228 1625 1241 1661 e

150 1676 220 1738 cap.
234 1682 262 1729 3.
279 1677 306 1737 S.
324 1681 350 1730 1.
385 1683 535 1742 sementes]
558 1681 694 1733 sementis
710 1680 795 1739 ,Vind,
811 1680 848 1731 A.
866 1683 930 1729 aute
948 1671 1153 1741 correctionem.

150 1746 180 1808 S.
194 1749 221 1797 2.
255 1749 316 1809 res]
340 1758 375 1801 re
392 1749 475 1815 liong.
491 1753 526 1800 A.
545 1759 608 1804 ante
628 1763 698 1804 corr.
715 1753 750 1803 eb
767 1750 865 1803 eedem
879 1759 960 1799 manu
976 1745 1088 1801 fuum.

80 1915 135 1968 que
153 1915 249 1954 casum
271 1916 320 1954 nec
342 1916 395 1957 noo
420 1905 608 1958 accusativum
702 1905 876 1963 confirmare]
918 1902 1024 1953 demam
1049 1897 1172 1964 reddere,

79 1972 237 2035 promiscue
259 1973 287 2023 in
309 1988 361 2024 usu
386 1976 473 2025 tuisse
502 1979 607 2026 statue·
650 1982 680 2025 ut
697 1979 732 2043 6,
750 1976 803 2027 28:
826 1973 968 2026 tesseras
976 1981 1048 2036 poce
1063 1962 1173 2032 confir-

80 2043 145 2105 iet,
178 2042 300 2094 ablativo
322 2044 489 2097 abstinuisse
507 2045 607 2095 verisi-
649 2048 738 2096 motu.
773 2043 862 2094 Etiam
879 2050 960 2092 arrtea
980 2053 1038 2101 prex
1054 2046 1081 2088 et
1102 2034 1173 2086 emi·

79 2112 146 2162 ursse
162 2114 216 2161 est.
402 2124 422 2153 ··-
649 2114 717 2166 citis
738 2126 800 2162 cum
826 2111 945 2162 finitimis
969 2107 1063 2160 Gallis
1079 2105 1174 2173 tuerit,

134 2178 162 2239 S.
180 2177 208 2229 4.
249 2190 299 2242 pro
321 2180 490 2232 multitudine
516 2189 607 2233 autern
650 2185 700 2233 sed
713 2185 780 2233 neec
793 2179 1043 2243 iamconfirmanda
1058 2173 1172 2225 ridebe-

80 2250 231 2307 homiuurn]
251 2262 330 2313 quarn
344 2263 368 2298 c.
381 2253 417 2300 29
431 2253 605 2302 demonstret.
649 2260 693 2302 tur
707 2259 867 2317 propterea,
892 2250 961 2314 quod
974 2247 1015 2296 eis
1029 2244 1123 2302 invitis
1136 2255 1171 2293 ex

132 2318 370 2382 qui-petensnt]
396 2320 472 2379 Quod
489 2332 605 2383 geogra-
648 2321 747 2371 tinibus
766 2320 826 2372 suis
838 2318 914 2370 exire
928 2329 981 2368 non
994 2314 1076 2367 facile
1090 2318 1176 2375 potes,

80 2387 128 2452 pet
142 2389 168 2437 Ιι.
179 2389 198 2437 l.
216 2387 365 2439 caesarem
377 2390 477 2440 erroris
491 2391 605 2457 convin—
648 2393 730 2450 rant,
749 2396 778 2439 et
794 2397 824 2440 ut
842 2388 926 2439 sociis
940 2388 974 2438 ad
987 2383 1171 2447 occupandam

80 2464 150 2508 cunt
176 2463 205 2507 et
227 2457 414 2507 Helvetiorum
440 2459 509 2508 tiues
532 2459 606 2509 insto
648 2460 766 2512 Galliam
782 2462 1045 2511 otone-uterentur.
1151 2484 1154 2491 -

78 2523 191 2589 lougius
217 2533 246 2576 et
270 2525 353 2576 latins
378 2527 534 2577 extendisse
556 2539 606 2578 ar·
700 2528 727 2590 S.
740 2530 766 2578 3.
794 2528 956 2579 Adeesree
970 2518 1168 2581 conficiendas]
1243 2558 1247 2563 -

78 2603 185 2661 guent,
213 2608 275 2645 com
296 2595 434 2649 Glareano
452 2597 605 2652 iaciendum
647 2597 700 2649 llic
725 2597 804 2647 lectu
828 2595 932 2647 criticis
955 2590 1097 2644 otteusionl
1115 2588 1171 2641 tuit

79 2664 210 2729 videtur,
233 2665 278 2726 qui
299 2678 358 2717 eum
380 2677 432 2715 uon
453 2666 531 2732 risu,
556 2667 605 2717 sed
646 2666 745 2729 partim
764 2673 874 2728 propter
890 2663 1075 2726 repetitionem
1087 2664 1169 2722 quat-

77 2734 176 2787 auditu
187 2733 296 2796 cognita
306 2737 373 2785 iaec
386 2734 515 2786 iacuisse
526 2735 605 2786 ideo·
647 2744 709 2787 tuor
723 2736 916 2785 vocmulorunr
928 2732 1077 2795 ingratam,
1101 2738 1171 2788 per-

77 2816 132 2867 que
149 2804 234 2855 tacite
255 2814 349 2855 errare
368 2804 489 2867 potuisse
510 2812 605 2857 osten-
646 2807 694 2856 tim
713 2806 783 2866 qood
801 2803 942 2867 sequeutia
954 2799 1068 2851 doceant
1079 2794 1172 2859 0rgc·.

78 2874 129 2923 dit.
647 2876 728 2940 torigi
753 2885 806 2925 non
833 2884 927 2924 omnes
954 2882 1003 2922 eas
1023 2879 1085 2928 res,
1118 2864 1172 2915 eod

132 2940 200 3001 cup.
220 2943 248 2992 3.
277 2938 305 3001 s·
326 2943 352 2992 1.
392 2941 602 3002 constituerunt]
645 2959 728 2997 untrm
746 2943 813 2996 iliud
834 2940 1006 2995 deamicitia
1021 2930 1168 2993 conficien-

79 3009 134 3061 rilsi
164 3011 274 3070 placere
306 3013 536 3075 demonstrarunt,
569 3007 603 3074 sse
645 3010 1037 3065 damnandarumruisse,1nt
1050 3015 1168 3068 sequen-

79 3080 168 3149 tcetec
181 3076 244 3144 teti,
266 3073 435 3145 testamur.
477 3083 547 3131 nau
563 3082 604 3133 tu
645 3084 700 3150 erc,
732 3083 809 3132 nouo
829 3080 1053 3145 reuertuntur,
1082 3080 1113 3130 ιιι
1137 3070 1166 3123 io

78 3152 140 3202 tere
161 3146 268 3198 caesar
285 3149 312 3198 in
336 3150 378 3200 lris
405 3149 603 3203 commentariis
645 3151 753 3214 optimis
781 3151 858 3202 libris
886 3154 1026 3214 leguntur,
1062 3149 1167 3196 tentum

79 3216 264 3270 constituere
272 3218 345 3284 dicit,
357 3217 605 3270 utdeclaratiouem
646 3223 740 3284 coest,
763 3226 796 3270 ut
821 3218 975 3284 Orgetorigi
998 3228 1054 3267 non
1076 3211 1166 3263 omnnio
1257 3224 1262 3233 ¹

80 3285 156 3350 eapti
169 3285 276 3337 consilii
289 3287 370 3337 simut
383 3287 525 3351 significet
645 3292 774 3342 mandata
792 3297 924 3355 arguant,
947 3295 977 3338 ut
991 3287 1071 3337 aliter
1083 3280 1166 3333 intel-

135 3357 291 3416 earrorum]
315 3355 428 3408 caesui
440 3369 546 3419 semper
561 3365 605 3407 est
646 3360 695 3422 ligi
715 3361 851 3409 commode
867 3370 920 3409 non
943 3356 1055 3419 possint.
1095 3352 1166 3402 Nan

78 3423 270 3475 masculinum.
303 3424 346 3475 ct.
360 3439 385 3475 c.
398 3430 427 3476 6,
442 3430 485 3477 26,
508 3426 558 3475 bis.
576 3424 604 3492 t,
647 3428 788 3492 quodsidi
807 3428 971 3492 legationem
987 3427 1023 3476 ad
1038 3420 1168 3473 civitates
1217 3432 1242 3444 ··

79 3491 126 3545 te
155 3492 202 3546 ubl
223 3493 258 3543 de
276 3493 418 3546 Germanis
438 3508 527 3546 sermo
550 3504 604 3560 est,
647 3499 803 3559 suscepisse
815 3499 923 3565 dicitur,
937 3504 1045 3547 ceteras
1057 3505 1102 3542 res
1115 3501 1169 3542 non

80 3568 111 3613 et
121 3563 152 3625 7,
167 3560 212 3617 18,
236 3562 290 3612 Sed
301 3564 520 3627 auctori-Hispo
535 3577 605 3615 ear·
646 3568 705 3630 ipse
723 3567 943 3634 administrasse,
966 3565 1016 3616 sed
1030 3575 1082 3627 per.
1098 3561 1168 3611 alios

79 3642 120 3682 n
132 3629 271 3698 dicuntur,
284 3631 364 3695 idque
376 3633 480 3685 Nouius
492 3646 544 3685 uso
556 3647 605 3689 re·
647 3648 760 3688 mirasse
782 3633 962 3700 significetur.
1017 3634 1170 3682 Incommo-

80 3702 190 3763 συνίων
202 3699 251 3749 ait·
646 3706 708 3755 duur
722 3713 811 3757 eutem
830 3707 857 3755 in
875 3704 1035 3770 repetitione
1052 3700 1169 3763 positum

132 3781 195 3821 oum
207 3765 335 3830 proximis
348 3769 522 3833 civitatibus]
536 3771 605 3823 Gel-
647 3786 701 3825 non
713 3776 781 3825 tanti
794 3788 857 3825 esse
875 3776 930 3826 iarn
943 3775 1010 3825 oud·
1024 3769 1168 3835 intellexit,

79 3835 167 3903 litte,¹
179 3845 210 3889 ut
221 3837 372 3898 recorrentis
393 3841 499 3893 docent.
533 3842 605 3892 Ger·
647 3844 693 3907 qui
707 3846 742 3895 ad
755 3857 781 3894 o.
797 3842 833 3895 44
849 3845 978 3896 nonnullo
991 3840 1173 3906 singularium·

78 3907 172 3959 nnis
184 3907 256 3957 enim
269 3907 304 3956 ab
317 3909 406 3979 altore
416 3917 495 3972 parte
513 3911 606 3970 proxi·
647 3915 842 3964 vocabulorum
864 3915 1021 3964 iteratorum
1043 3910 1169 3970 exempla

77 3976 134 4029 mis
147 3975 303 4041 regionem,
328 3990 409 4039 quern
426 3981 511 4031 minuc
528 3979 605 4031 ineu
648 3995 683 4031 ex
703 3985 902 4051 commentariis
926 3982 1036 4045 collegit
1059 3985 1087 4029 et
1106 3978 1169 4030 clv.
1215 4035 1217 4040 ,

79 4046 207 4106 inerant,
231 4045 256 4093 si
276 4046 398 4117 vellent,
422 4051 605 4114 occopttddeor
648 4055 683 4115 3,
699 4052 735 4102 e7
758 4054 826 4103 duas
848 4053 974 4113 deinceps
991 4048 1119 4111 periodos
1135 4049 1170 4098 ab

80 4114 292 4178 relinuueoect-
415 4152 421 4169 .
468 4160 490 4167 ..
531 4132 542 4161 -·
650 4119 742 4173 verbis
760 4136 818 4189 pua
831 4133 866 4175 re
881 4120 1086 4175 aeineodesrso
1100 4118 1171 4171 iocis
