2572 4688
35 228 38 235 ⁸
76 222 143 273 ιιιι
233 264 237 271 .
447 196 799 274 PRAEFATIO.

79 391 231 464 translit.
277 388 421 460 ineunte
440 392 530 461 enim
552 413 631 462 vere
651 414 683 463 a.
696 412 732 463 ιι.
747 386 964 462 DGLXXX.
985 388 1173 460 Mithrida·

82 503 153 579 taa,
174 516 249 563 cum
262 495 414 583 ingentes
427 497 544 588 copias
559 502 718 586 parasset
732 503 769 563 et
782 494 902 563 loedus
919 517 994 562 oum
1012 494 1172 564 Sertorio

82 600 120 669 in
145 599 312 688 Hispania
339 602 466 691 populo
493 599 645 668 Romano
675 598 803 665 bellum
830 597 995 683 intepente
1018 600 1174 683 fecisset,

84 700 347 793 Paphlagoniam
379 707 543 796 primum,
584 711 658 771 tum
685 700 897 788 Bithyniam.
911 702 953 768 ab
983 700 1174 770 Nicomede

86 809 187 896 paulo
208 815 285 874 ante
307 809 468 878 Romanis
488 806 675 876 hereditate
694 807 848 873 relictam
871 805 1001 893 magnis
1014 806 1180 876 exerciti-'

85 909 151 977 bus
175 920 398 1000 occupaverat
416 920 452 979 et
468 913 505 979 in
525 910 701 978 finitimam
721 909 947 1000 provinciam,
975 909 1073 976 cuius
1089 910 1177 978 civi-

86 1020 178 1083 tates
197 1015 296 1096 item,
326 1022 366 1082 ut
385 1017 494 1104 primo
516 1015 627 1097 bello,
656 1013 700 1081 ad
724 1011 943 1080 delectionem
963 1014 1178 1104 spectabant,

88 1119 298 1207 praelectum
331 1120 481 1189 miserat.
531 1116 637 1185 -Hnno
657 1115 796 1187 'Caesar
824 1118 960 1185 auxiliis
988 1118 1177 1184 contractis

88 1221 262 1309 provincia
286 1223 417 1312 expulit
442 1228 478 1290 et
496 1227 654 1288 notantes
672 1243 712 1287 ae
733 1212 855 1289 dubias
876 1223 1031 1290 civitates
1049 1222 1085 1287 in
1106 1218 1179 1288 fide

89 1324 251 1408 retinuit,
275 1327 376 1393 etiam
398 1328 526 1394 maiora
543 1331 719 1410 gesturus,
739 1325 807 1392 nisi
821 1325 956 1414 publiea
969 1324 1101 1411 privato
1115 1323 1179 1390 ds-

91 1424 217 1494 iuisset
240 1429 439 1498 auctoritas.
487 1427 628 1497 Interim
647 1428 774 1510 Romae
797 1429 946 1516 pontifex
967 1429 1079 1494 iactus
1099 1434 1180 1494 erat

90 1528 129 1597 in
150 1529 273 1612 Cottae
290 1532 481 1600 consularis
500 1533 630 1613 locum,
658 1530 826 1612 eiusdem,
854 1539 893 1597 ut
914 1531 1051 1624 opinor,
1077 1532 1180 1599 ouius

92 1637 283 1725 patrocinio
301 1636 483 1705 Dolabella
503 1643 580 1705 ante
602 1633 688 1702 duos
707 1656 810 1703 annos
825 1633 983 1704 Caesarie
997 1636 1064 1702 vim
1079 1657 1182 1702 aeon-

26 1810 28 1815 ,
93 1741 220 1808 satoris
237 1741 420 1828 effugerat,
446 1743 602 1831 quicum
624 1762 655 1807 a.
678 1760 713 1810 ιι.
735 1737 1022 1808 DCLXXVllll.
1043 1764 1117 1807 cum
1133 1740 1181 1810 L.

95 1841 240 1912 Octavio
258 1846 397 1926 consul,
425 1866 457 1914 a.
471 1843 686 1913 DCLXXX.'
703 1845 884 1932 proconsul
896 1843 1029 1910 Galliae
1043 1847 1183 1932 provin-

69 1945 73 1953 '
93 1944 168 2011 ciac
180 1945 318 2027 luisset,
338 1968 379 2013 cx
394 1968 434 2013 ea
447 1947 719 2035 triumphaturus
732 1948 844 2014 subito
860 1946 1037 2015 antediem
1056 1949 1183 2015 trium-

56 2130 58 2136 !
94 2045 155 2135 pbi
173 2055 325 2115 mortuus
345 2056 411 2119 ast.
453 2047 574 2137 ltaque
587 2048 631 2115 ad
645 2049 872 2118 sacerdotium
891 2051 1070 2119 ineundum
1083 2053 1183 2121 lasti-

95 2172 181 2219 nans
200 2153 237 2219 in
255 2150 411 2235 Italiam,
439 2175 481 2251 ne
501 2154 753 2243 conspicaretur
770 2176 790 2219 a
810 2152 1055 2243 praedonibus,
1081 2165 1184 2246 ‹prat-¹

96 2262 177 2324 taor
196 2258 399 2323 scalmorum
420 2254 537 2324 navem
548 2280 614 2324 una
633 2279 709 2325 oum
723 2256 855 2325 duobus
871 2259 988 2325 amicis
1002 2258 1184 2350 decemque

96 2359 206 2428 servis
220 2360 395 2446 ingressus
408 2358 623 2428 Adriaticum
640 2382 733 2429 mara
748 2361 895 2431 traiecit.
937 2361 1016 2449 Quo
1028 2363 1064 2430 in
1077 2386 1185 2431 cursu

97 2466 309 2553 conspectis,
327 2470 367 2530 ut
379 2464 540 2555 putabat,
561 2458 750 2554 piratarum
761 2465 921 2548 navibus,
941 2487 1018 2532 cum
1032 2468 1186 2537 exuisset

38 2621 40 2626 .
97 2573 226 2635 vestem
246 2568 488 2657 alligassetque
508 2569 685 2660 pugionem
699 2568 743 2636 ad
765 2571 875 2637 lemur
890 2570 1047 2637 alterutri
1061 2593 1098 2638 sa
1115 2573 1188 2639 for·
1226 2592 1231 2599 ·

101 2677 203 2739 tunae
217 2695 362 2762 parans,
381 2694 456 2739 mox
473 2674 640 2741 intellexit
652 2676 855 2742 frasnetum
871 2695 946 2741 csse
960 2674 1068 2742 visum
1084 2696 1185 2743 suum

101 2776 328 2901 prbommqno
341 2780 381 2847 or
393 2778 574 2893 longinpuo
588 2777 737 2849 ordinem
751 2786 972 2847 antennarum
987 2778 1187 2870 praebuisse
1217 2770 1222 2776 ’

100 2903 502 3055 11111161Ιῐὶἰθιηιῖιιιιι·ιιιιιιι
525 2986 655 3078 primus
675 3004 737 3076 per
756 2983 918 3074 suffragia
936 2988 1054 3078 populi
1079 2986 1188 3056 bonor

104 3090 230 3179 obtigit
249 3090 443 3158 tribunatus
459 3091 625 3172 militum,
651 3112 750 3178 quam
764 3112 839 3157 cum
856 3090 942 3159 Gaio
957 3091 1102 3181 quodam
1119 3091 1189 3159 Po-

103 3196 189 3288 pilio
203 3204 322 3286 petens
337 3195 431 3283 prior
444 3200 500 3261 est
513 3196 670 3262 tribunus
684 3194 806 3276 taetus,
821 3217 897 3261 oum
911 3201 947 3261 et
961 3195 1073 3263 causis
1088 3217 1189 3280 egen·

80 3297 160 3368 ·dia
181 3308 217 3366 et
234 3293 391 3367 comitate
412 3305 514 3388 atque
534 3300 644 3390 opulis
666 3320 704 3364 aa
723 3298 816 3366 victu
838 3297 1016 3387 splendido
1041 3301 1189 3386 gratiam

104 3403 341 3492 quaesivisset.
383 3400 517 3471 Bellum
540 3401 721 3489 gerebatur
733 3405 808 3468 cum
825 3400 998 3492 Spartaco
1008 3411 1043 3471 et
1060 3402 1193 3490 gladia-

107 3505 259 3590 toribus‚
286 3507 450 3596 milesque
473 3506 715 3573 tumultuarius
739 3503 901 3572 adversus
916 3529 974 3573 eos
989 3506 1111 3575 ductus
1127 3508 1192 3574 ali

109 3610 244 3699 quotics
267 3617 342 3678 erat
363 3612 501 3699 pulsus,
527 3617 567 3676 ut
585 3608 734 3699 legiones
747 3629 803 3674 ras
819 3609 991 3697 requirere
1007 3612 1192 3682 videretur.

107 3712 292 3803 ltaqueL.
314 3713 449 3783 Gellius
470 3734 545 3779 cnm
568 3709 629 3780 Gn.
649 3710 827 3778 Lentulo
816 3735 851 3778 m
880 3734 911 3783 a.
938 3713 1193 3784 DCLXXXll.

47 3848 51 3857 ·
108 3821 228 3888 consul
248 3816 445 3906 designatos
466 3815 596 3885 duas
566 3837 640 3883 erus
657 3814 742 3882 belli
759 3837 861 3881 causa
871 3817 1024 3902 legiones
1045 3821 1193 3912 conscri-

108 3923 202 4014 psit,
222 3942 290 4012 quo
306 3924 342 3990 in
355 3922 504 3991 exercitu
519 3919 648 3991 Caesar
660 3919 870 4008 tribunatum
884 3919 1019 3989 videtur
1033 3925 1193 4007 gessisse.

111 4025 183 4116 Qui
204 4031 236 4096 si
256 4028 357 4096 etiam
379 4033 459 4097 tuuc
480 4022 584 4115 quina
606 4020 740 4091 denum
754 4029 832 4114 post
852 4024 1022 4114 stipendia
1037 4026 1196 4111 dabatur,
