2572 4688
355 294 366 337 ;
433 273 542 348 tls.
568 274 601 349 1.
642 273 763 350 GAP.
790 278 816 349 d

1124 280 1169 349 11

75 456 266 538 munitm
306 463 462 535 Moribus
475 468 549 534 otiis
563 460 800 555 Orgetorigem
815 486 856 533 ex
870 467 1015 534 vinculis
1031 489 1168 534 caueam

77 550 206 625 diuersi
214 556 419 640 congemui-
463 555 671 624 Damnatum
697 577 835 643 poenam
858 558 956 643 sequi
978 558 1168 642 oportebat,

75 653 117 713 ut
129 646 205 735 igni
220 650 440 748 acerbaretur.¹
504 644 573 712 Dio
588 645 772 711 constituta
788 665 908 709 caueae
924 643 1083 711 dictionis
1100 645 1168 712 01·-
1180 650 1213 719 ,2

112 812 178 869 post
203 802 374 871 comicia,
404 815 474 867 qnae
495 801 578 853 lectio
602 801 674 854 satis
696 803 849 867 commoda,
880 803 930 851 sed
951 802 1071 854 codicum
1087 811 1171 855 retu-

114 875 230 926 stiorum
249 873 401 935 scripturae
420 873 605 935 posthabenda
622 881 673 922 est.
709 871 827 935 copulas
845 872 960 923 enimet
977 874 1055 935 quael
1073 873 1172 924 olavu-

113 943 160 995 los
182 941 330 1001 orationis,
361 941 458 1004 quihus
477 941 543 992 bina
559 943 604 991 vel
622 942 702 1004 plura
718 940 859 991 enuntiata
875 940 1011 1003 simplicia
1026 940 1128 992 vinciri
1144 943 1174 992 et

114 1012 144 1063 ln
169 1024 252 1063 unum
274 1010 363 1074 redigi
386 1012 490 1074 solent,
519 1008 624 1061 caesar
647 1010 674 1060 ln
698 1010 741 1058 his
759 1006 978 1078 commentariis,
1008 1013 1125 1061 maxime
1142 1011 1173 1060 in

90 1118 94 1125 .
113 1082 169 1133 hoo
193 1080 280 1142 primo
299 1079 387 1144 libro,
417 1092 502 1141 saepe
519 1079 618 1130 omiblt
636 1082 665 1129 et
681 1079 797 1141 partium
814 1090 970 1143 compagem
987 1080 1085 1131 lectori
1104 1092 1174 1129 con-

39 1204 44 1219 ,
116 1150 275 1199 struendam
296 1147 441 1213 relinquit,
469 1161 519 1197 nec
537 1149 625 1197 solum
642 1148 670 1196 in
687 1147 930 1213 descriptionibus,
954 1157 984 1199 ut
1001 1153 1056 1200 etl
1076 1148 1174 1200 Gallos

115 1218 153 1272 ah
166 1217 322 1282 Aquitanis
336 1220 388 1267 etc.
407 1218 454 1267 vel
472 1229 497 1265 c.
512 1218 530 1266 6
553 1214 730 1269 dammum
746 1215 881 1281 oppidum
894 1224 963 1281 etc,
988 1218 1130 1268 sedetiam
1145 1216 1175 1266 lu

115 1288 293 1350 narratione,
317 1292 346 1335 ut
364 1296 387 1335 c.
407 1289 439 1335 21
465 1284 574 1335 Eodem
590 1285 637 1336 cite
649 1308 685 1323 -
697 1285 786 1337 misit.
830 1285 1043 1336 Renuntiatum
1060 1290 1105 1336 eoi
1125 1288 1176 1354 fo-

115 1356 204 1407 cilem
220 1367 293 1407 esce.
322 1355 366 1404 lle
384 1354 591 1420 terricrepum
607 1358 662 1405 etc.
687 1367 710 1404 c.
724 1357 759 1406 23
781 1354 829 1405 lia
845 1366 894 1404 reo
907 1380 943 1395 --
954 1354 1080 1406 hortibus
1098 1370 1175 1407 nutt-

117 1425 224 1477 uetur.
269 1422 393 1475 Helvetii
408 1446 439 1461 -ι-
453 1425 620 1491 coeperunt.
655 1424 782 1474 colloco
805 1432 898 1471 noster
929 1424 1083 1475 simillimus
1114 1435 1176 1487 est3

117 1494 219 1557 inquo
237 1490 297 1556 ipso
314 1494 402 1541 minus
419 1493 549 1545 ollensnri
566 1494 684 1543 fuissent
701 1491 804 1555 critici,
825 1491 849 1540 si
863 1499 924 1552 post
937 1496 1091 1545 enuntiata
1105 1499 1173 1547 haec

116 1562 269 1627 legissent:
299 1561 425 1612 Hctcetii
442 1561 660 1628 Orgetortpcm,
689 1561 735 1609 vel
754 1560 793 1610 112·
807 1559 1012 1626 'Orgetoricem
1026 1587 1060 1599 -
1073 1568 1177 1631 coipe-

116 1633 214 1689 ruerit
235 1632 378 1692 repetitum
396 1631 466 1681 enim
485 1645 519 1681 ex
537 1631 756 1681 antecedentibus
775 1631 826 1678 vel
840 1633 993 1691 pronomine
1012 1645 1176 1693 repraesen-

118 1704 207 1753 tetum
224 1711 322 1750 nomen
339 1702 452 1763 copulae
470 1700 559 1751 instar
577 1713 640 1748 esso
658 1698 820 1748 corruissent.
855 1699 912 1751 lam
929 1713 996 1750 vcro
1015 1704 1109 1752 eadem
1126 1715 1177 1764 po-

119 1774 224 1821 testate
248 1768 398 1831 praeditum
421 1777 465 1819 est
487 1770 559 1833 quod
582 1764 721 1833 sequitur,
748 1767 1178 1835 moriht.esote,q110dstatlm

119 1840 154 1890 de
183 1838 318 1888 Helvetiis
344 1834 459 1913 cogitari
480 1839 561 1888 iubet.
604 1837 728 1887 Ceterum
745 1849 806 1895 ¹nou
830 1838 1052 1890 dissimulandum
1077 1847 1120 1891 est
1141 1830 1177 1891 αἱ

119 1906 338 1959 coniunctionem
355 1910 406 1967 hoc¹
422 1896 576 1973 significatu
593 1913 648 1956 tam
665 1919 755 1957 raram
773 1906 802 1955 in
819 1905 860 1954 his
879 1907 955 1955 libris
974 1920 1053 1974 esse,
1078 1917 1108 1959 ut
1125 1913 1177 1960 ba-

119 1985 221 2029 ctenus
237 1976 355 2040 genuina
367 1976 471 2042 potius,
490 1989 570 2041 quam
584 1974 760 2037 suppositicia
772 1974 859 2025 videri
872 1976 967 2036 possit.
1002 1978 1116 2041 Legitur
1130 1993 1178 2029 se-

120 2047 179 2098 mel
197 2047 227 2095 B.
246 2045 319 2097 Gall.
332 2047 445 2112 .1,31,.
462 2047 495 2095 12
520 2052 548 2094 et
567 2046 688 2094 fortasse
704 2039 794 2107 obi,
819 2045 882 2093 let
904 2046 948 2095 ter
964 2045 1024 2095 civ.
1040 2051 1074 2115 3,
1092 2051 1118 2100 6.
1133 2042 1178 2103 63.

120 2114 169 2168 et.
190 2117 345 2180 postquam
362 2127 397 2164 ex
412 2114 617 2177 interpolatione
635 2113 765 2175 originem
781 2114 881 2162 ducere
898 2117 1021 2176 apparet.

138 2184 313 2247 ,enuntiataJ
342 2185 426 2249 liong.
449 2185 484 2232 A.
518 2195 621 2237 etune.
644 2183 713 2234 ond.
747 2181 791 2234 cr.
813 2181 1011 2248 orthographia
1032 2184 1180 2243 Norisiana

122 2252 248 2309 nartem
263 2269 291 2318 p.
304 2255 367 2307 art.

142 2405 213 2471 cap.
224 2406 251 2460 d.
269 2406 297 2469 S.
312 2409 338 2459 1.
368 2422 403 2459 ex
416 2406 536 2460 uinculis
548 2419 616 2460 cau-

90 2490 153 2531 sam
165 2480 256 2529 dicere
270 2482 430 2542 coegerunt]
456 2478 562 2529 causae
575 2478 618 2527 di-

90 2550 148 2599 ctio
169 2561 220 2597 seu
240 2547 362 2597 defensio
376 2548 456 2611 quasi
468 2549 618 2609 procedens

90 2632 128 2670 ex
149 2616 268 2666 vinculis
288 2617 431 2680 cogitatur.
465 2617 559 2667 Simile
575 2622 619 2665 est

92 2701 132 2738 en
154 2687 234 2751 equis
250 2687 374 2750 colloqui
392 2699 415 2736 o.
431 2683 474 2737 ⁴3.
510 2687 542 2735 lu
554 2684 619 2733 vln-

93 2758 159 2806 cula
181 2759 273 2805 temen
292 2757 431 2805 coniectus
449 2767 512 2804 esse
531 2754 619 2816 Orge-

93 2824 166 2875 torix
179 2836 233 2874 nou
247 2823 345 2888 magis,
359 2832 439 2886 quain
453 2836 563 2874 causam
577 2821 620 2870 dl-

95 2896 172 2945 risse
184 2894 304 2961 ridetur,
319 2895 368 2943 sed
380 2894 423 2944 dle
435 2894 541 2943 demum
552 2904 620 2942 cau-

96 2977 145 3014 sae
159 2964 292 3013 dicendae
304 2963 450 3013 constituta
459 2962 620 3011 vinciendus

97 3041 158 3084 erat
169 3040 198 3082 et
209 3033 251 3083 ite
264 3043 374 3083 cansam
389 3033 525 3093 dicturus,
547 3031 621 3080 iute-

96 3103 147 3154 rln
161 3101 291 3151 liberiore
308 3102 433 3152 custodie
443 3102 491 3150 vel
506 3101 559 3149 ilde
570 3100 621 3149 da-

98 3180 127 3223 ta
154 3171 203 3220 vel
238 3171 414 3236 sponsoribus
451 3176 622 3221 asservatus.

97 3240 181 3291 (terte
197 3240 329 3291 familiam
347 3239 455 3291 interim
467 3242 495 3290 et
508 3239 622 3288 clientes

99 3308 217 3371 undique
229 3322 328 3373 cogere
341 3312 370 3360 et
385 3310 535 3361 conducere
549 3309 575 3357 ei
588 3305 625 3357 ll-

99 3380 198 3439 eebat,
224 3382 294 3442 quod
312 3378 405 3429 vincto
424 3376 562 3427 difficillus
577 3377 624 3426 ia-

100 3454 145 3498 etu
159 3448 269 3501 brissei.
301 3449 397 3512 Itaque
409 3448 567 3514 coeperunt
581 3451 624 3496 est

101 3517 127 3566 id
141 3518 214 3579 quod
226 3517 378 3568 iaciendum
397 3518 573 3567 ostenderunt
587 3522 623 3581 et,

102 3586 125 3635 si
136 3588 232 3636 iacere
243 3587 336 3656 nollet,
352 3600 383 3637 se
390 3587 446 3636 vim
457 3585 624 3635 adhibituros

102 3657 308 3706 denuntiarunt:
342 3651 377 3719 sse
406 3647 533 3711 etitirteo
559 3650 624 3719 ibmp

104 3720 151 3786 boi
177 3736 205 3778 er
230 3720 276 3789 iirh
299 3723 411 3793 gottheit
431 3725 625 3780 utenbrortctt

105 3788 193 3859 nitio.
213 3794 255 3845 cr.
271 3799 298 3855 o,
315 3799 347 3845 ιι
360 3803 388 3845 et
400 3799 434 3845 22
441 3810 450 3859 3
472 3796 570 3858 qurum
583 3797 626 3846 10-

103 3863 144 3912 cis
163 3864 209 3929 qul
228 3864 350 3930 iurare,
374 3864 506 3917 transire
518 3876 627 3930 comen-

104 3934 173 3999 tur,
193 3944 248 3982 non
266 3933 408 4000 viillata,
431 3935 483 3991 sod
503 3935 626 3984 necessi-

106 4008 162 4052 tate
188 4002 283 4052 verbis
309 4003 492 4054 demonstrata
520 4004 556 4055 ad
582 4002 627 4053 iu·

107 4070 235 4136 mnium,
265 4074 457 4123 transeundum
475 4071 627 4135 adiguntur.

110 4138 346 4207 Propterea-recte
357 4143 389 4192 et
399 4141 459 4199 sine
471 4142 628 4205 pleouesmo

660 2403 760 2459 dicitnr
770 2404 802 2458 oi
814 2418 918 2474 cogere
938 2409 983 2468 (nt
997 2420 1021 2460 c.
1034 2412 1065 2470 6)
1087 2418 1116 2463 et
1134 2410 1183 2467 ina

659 2478 735 2529 citos
750 2489 870 2543 cogere,
890 2481 920 2528 ut
932 2474 972 2542 i,
983 2478 1009 2529 5.
1174 2518 1179 2527 ,

714 2549 804 2609 sequi]
835 2552 865 2597 ut
888 2549 1013 2599 comitem
1039 2561 1183 2617 personae,

660 2626 714 2665 non
727 2615 809 2680 iacti,
826 2617 860 2664 de
872 2629 924 2679 quo
936 2617 1063 2667 Germani
1078 2620 1184 2682 cogitn-

661 2698 737 2745 mru,
770 2698 830 2733 cum
857 2685 971 2734 dicimus
1009 2681 1048 2748 iit
1084 2683 1184 2753 &ituit

663 2750 733 2819 tolet
754 2750 857 2817 buruni.
899 2755 999 2805 Eodem
1021 2757 1099 2806 modo
1120 2760 1184 2808 Sal-

661 2823 761 2881 lustius
773 2823 845 2871 Ilist.
860 2823 882 2871 1.
897 2823 932 2872 ir.
946 2825 979 2872 16
992 2837 1017 2884 p.
1032 2825 1086 2874 220
1107 2824 1184 2877 (herl.

661 2904 729 2943 team
748 2892 795 2943 ohe·
813 2893 903 2941 maios
914 2895 1044 2955 procacio
1057 2907 1186 2960 aequuu-

662 2965 732 3028 tur,
755 2960 834 3011 hand
848 2962 935 3028 facilc
948 2963 1099 3030 qumquam
1111 2977 1186 3032 pra·

661 3031 739 3084 tuito
752 3031 840 3082 bobus
854 3033 908 3082 est.

715 3099 785 3165 igni]
811 3102 912 3150 Eadem
927 3099 1040 3151 ablativi
1051 3102 1140 3156 lotura
1160 3113 1186 3154 c.

665 3167 709 3223 ⁵3.
726 3171 760 3235 6,
779 3170 813 3220 19
829 3170 856 3218 et
874 3167 917 3219 tt.
935 3171 961 3236 7,
977 3167 996 3219 t
1012 3172 1187 3235 conspicitur.

717 3237 745 3298 s.
765 3238 791 3287 2.
838 3238 999 3299 constituta]
1039 3242 1187 3292 Ablativus

665 3306 795 3372 temporis
803 3314 854 3374 est,
866 3303 982 3375 (unbem
990 3307 1119 3376 -ssugo
1133 3323 1186 3360 non

664 3377 712 3441 qui
732 3378 871 3428 absolutus
885 3378 938 3428 dici
958 3380 1027 3429 solet
1050 3377 1187 3444 (rabiem

665 3446 710 3503 bct
722 3442 824 3513 zap·
833 3444 963 3516 tetgeicot
976 3445 1062 3516 tuor),
1081 3450 1126 3514 qut
1140 3449 1189 3499 vel

666 3518 781 3580 primum
801 3519 848 3567 vel
867 3518 989 3569 ultimum
1007 3518 1036 3567 in
1053 3519 1095 3567 his
1108 3525 1187 3582 quat·

665 3595 729 3639 tuor
740 3589 828 3638 locum
849 3595 942 3637 tenere
962 3595 990 3637 et
1006 3587 1127 3637 dativum
1140 3601 1190 3650 po·
1253 3616 1256 3622 Δ

668 3656 738 3716 tius,
762 3669 842 3720 quam
858 3657 1007 3720 genitivum
1022 3657 1189 3714 (dictionis)

669 3727 786 3778 additum
795 3727 895 3778 habere
908 3727 1030 3777 debebat.
1050 3728 1192 3788 Naupor·

669 3795 762 3859 ticipio
777 3795 853 3846 verbi
867 3794 965 3861 magis,
981 3808 1061 3859 quam
1075 3795 1190 3847 adiecti-

668 3864 699 3914 vi
711 3865 766 3915 vim
778 3865 887 3917 habenti
900 3877 982 3915 casus
993 3877 1096 3929 quoque
1105 3865 1190 3916 verbo

670 3935 834 3984 conveniens
849 3935 1001 3996 iungendos
1018 3943 1088 3985 erat.
1122 3937 1191 3984 Tum

670 4015 738 4053 vero
753 4003 848 4054 caveri
863 4003 991 4067 debebat,
1009 4016 1044 4053 ne
1059 4004 1119 4066 ipse
1134 4000 1191 4054 or-

669 4070 775 4136 getorix
806 4072 876 4124 diem
905 4072 1082 4137 &methulese
1111 4071 1191 4124 ride-

671 4148 756 4196 retur·
985 4146 989 4152 '
