2572 4688
323 314 328 321 ·
399 282 504 356 niu.
530 282 583 359 11.
609 282 820 357 ..GAP..19
1080 286 1155 363 'loo

61 440 142 547 diue
158 448 219 546 sue
238 440 367 545 Coesor
381 495 440 542 sex
455 474 608 560 legiones
621 470 796 564 expedites
812 470 976 542 ducebat:
996 482 1077 565 post
1090 474 1150 546 eos

63 568 172 635 totius
187 562 356 632 exereitus
372 561 600 653 inpedimento
613 564 815 630 oolloeorat:
841 562 921 630 inde
941 563 1028 630 duee
1044 566 1151 651 legio·

62 650 1190 828 iliariltillilliiiiiiiilinilillill'il³

64 850 142 898 cum
163 825 395 899 funditoribus
416 824 673 915 sagittariisque
692 826 815 892 flumen
839 827 1047 910 transgressi
1072 850 1148 896 enm

61 918 214 985 hostiurn
241 913 396 1002 equitatu
421 912 861 1003 proelium‚cornnriseruut.
929 913 1015 984 Gurn
1038 937 1076 982 se
1095 917 1192 986 iiiii

63 1002 250 1074 identidem
265 1003 300 1068 iu
315 1000 420 1069 assues
434 1000 478 1068 ad
496 1022 577 1068 suos
598 1001 788 1091 reciperent
808 1023 847 1069 ee
865 1021 985 1069 rursus
1003 1024 1044 1068 ex
1063 1004 1150 1073 silva

64 1094 101 1160 in
114 1098 251 1159 nostros
265 1089 426 1178 impetum
440 1089 608 1169 fecerant,
632 1109 741 1177 neque
754 1087 864 1157 nostri
877 1089 1028 1175 longius,
1049 1113 1152 1179 quarn

66 1203 166 1270 quem
191 1177 237 1246 ad>
257 1177 357 1245 iiuarn
377 1181 534 1267 porrecta
546 1197 596 1259 ,ao
615 1176 692 1244 loco
708 1182 826 1279 aperte
839 1177 1071 1266 pertinebant,
1097 1201 1154 1247 ce·

101 1334 171 1375 vero
191 1324 219 1373 et
236 1334 280 1371 ex.
295 1318 380 1372 naor.
405 1319 500 1383 quood
516 1317 609 1371 Mults
625 1330 645 1370 u
661 1331 696 1371 ιιι.
713 1333 771 1384 pr.‚
795 1320 891 1386 quoad
906 1319 1002 1372 noster
1018 1332 1084 1373 arn.
1097 1335 1153 1376 sac.

102 1393 203 1445 nabere
221 1391 367 1441 ustautur.
400 1389 436 1441 llo
453 1389 548 1454 quoad
565 1387 657 1439 noetio
674 1387 702 1439 in
721 1389 797 1442 codd.
815 1389 925 1454 Vrsini,
948 1389 999 1441 Gu-
1018 1392 1101 1455 liong.
1121 1393 1152 1444 c.

103 1463 184 1514 Goth.
200 1461 234 1509 Α.
251 1460 323 1510 veo.
339 1456 361 1506 i.
379 1464 407 1507 et
423 1468 472 1519 pro
487 1469 551 1508 var.
568 1457 632 1510 lect.
649 1457 678 1507 iu
694 1456 770 1523 Pet,
795 1470 851 1523 quo
867 1459 906 1510 ud
923 1457 1015 1510 iestis
1030 1460 1059 1511 iu
1075 1462 1153 1512 Laid.

101 1533 159 1582 AB.
177 1526 261 1579 Voss.
279 1527 309 1576 B.
326 1526 373 1577 Dr.
389 1526 421 1576 Β.
435 1525 514 1577 Goth.
531 1527 560 1576 Β.
576 1524 658 1577 vind.
669 1524 768 1588 Acii,
792 1539 848 1592 quo
865 1527 904 1579 ad
920 1527 1016 1580 nostes
1030 1530 1058 1579 in
1069 1531 1153 1581 Viud.

102 1601 126 1650 1.
149 1597 224 1649 liar.
247 1598 283 1648 A.
317 1595 393 1660 qood
416 1593 512 1647 instes
534 1593 562 1646 in
586 1593 640 1644 luc.
669 1606 726 1660 quo
741 1595 835 1647 iestis
857 1595 886 1647 in
903 1597 963 1648 Pal.
976 1599 1064 1647 liorv.
1080 1600 1153 1649 Deli.
1264 1584 1267 1603 ¹

102 1669 184 1719 Vrat.
208 1663 239 1719 Ο.
263 1663 379 1729 iegitur:
409 1664 506 1728 reliqui
521 1661 576 1713 mei
599 1664 697 1727 (Boug.
714 1665 750 1714 A.
767 1665 815 1715 Dr.
832 1665 867 1714 A.
885 1666 963 1718 Vrat.
980 1666 1037 1716 AB.
1055 1667 1153 1718 llarub.

104 1739 190 1787 Bouu.
206 1733 288 1786 Viud.
307 1734 378 1792 Du.)
392 1742 435 1795 et,
457 1742 488 1784 ut
504 1733 629 1798 videtur,
652 1731 720 1783 (iud.
734 1745 795 1783 cum
809 1732 921 1796 reliquis
935 1735 994 1785 edd.
1008 1741 1071 1786 ante
1084 1737 1152 1786 oud.

106 1804 183 1870 quod
205 1802 298 1856 iustis
320 1801 455 1852 exhibent.
490 1801 521 1851 ld
545 1801 600 1852 iarn
621 1800 747 1852 Faernus
769 1803 798 1852 et
821 1801 934 1866 Lipsius
958 1806 1154 1857 emendandum

104 1872 268 1938 censebant,
287 1869 351 1934 quia
369 1869 517 1921 secuudum
534 1882 559 1920 o.
574 1871 609 1919 16
624 1868 836 1923 cessurusne
854 1884 908 1922 nou
926 1872 1153 1939 adpropinquare,

106 1944 155 1993 sed
172 1940 250 1994 trans
269 1941 368 1989 llumen
384 1939 476 1990 Sabim
493 1951 527 1989 se
543 1946 704 1999 exspectare
723 1940 882 2004 cognoverit
888 1954 897 2002 ;
919 1948 1000 2004 atqua
1017 1941 1059 1992 ln's
1077 1942 1154 2008 quod

106 2010 183 2063 lorii
205 2008 376 2060 scribendum
388 2007 556 2073 ridebatur,
584 2019 655 2070 ques
676 2007 792 2072 reliquls
815 2009 885 2059 locis
901 2009 1024 2061 omnibus
1042 2011 1154 2062 circiter

105 2078 204 2145 viginti
220 2089 332 2130 numero
348 2083 484 2158 usurpata
498 2074 614 2127 casseri
631 2078 675 2128 est
688 2076 770 2128 huius
786 2076 866 2129 verbi
882 2078 1056 2129 constructio.
1083 2080 1153 2134 oud.

106 2144 1154 2278 lillel”iiiiiilillillillilllliliiitirlslliiiiiria

107 2286 265 2339 existimans
288 2291 317 2334 et
340 2282 468 2335 caesaris
487 2296 566 2334 nsum
589 2280 667 2334 illurn
689 2296 742 2337 non
762 2296 872 2339 moruus
889 2287 936 2336 vel
953 2299 1007 2338 nou
1023 2295 1154 2349 reputans

108 2356 184 2424 quod
206 2354 245 2406 ad
265 2352 358 2404 iustis
381 2350 509 2418 scripsit,
531 2352 560 2403 iu
571 2364 624 2416 quo
640 2351 724 2403 etlam
740 2356 790 2405 loe
806 2353 895 2405 rninus
912 2356 1077 2407 commodum
1099 2365 1155 2423 est,

106 2426 178 2490 quod
194 2423 296 2475 Faerni
313 2431 419 2486 quoque
434 2420 608 2472 coniecturas
623 2421 730 2487 obstat,
759 2424 830 2487 quod
845 2434 942 2474 nomen
958 2422 1066 2476 ansur'
1083 2426 1155 2477 alie·

107 2495 211 2546 uiorenr
225 2494 316 2544 iocum
332 2492 463 2557 occupet,
487 2501 542 2553 qua
561 2491 596 2539 de
612 2502 643 2539 re
660 2491 695 2541 ed
710 2492 724 2539 1
733 2522 743 2555 ,
760 2489 795 2541 24
811 2490 839 2550 S.
854 2493 869 2542 1
889 2492 953 2541 dixi.
992 2493 1082 2544 Nihilo
1101 2495 1155 2546 rni-

108 2576 176 2629 uus,
208 2572 271 2612 cum
294 2557 391 2611 cicero
415 2559 443 2608 et
468 2557 565 2607 Livius
589 2565 617 2608 et
639 2559 758 2621 scriptor
782 2558 846 2609 belli
865 2561 927 2610 Afr.
942 2560 976 2610 23
993 2562 1099 2620 (donec
1115 2565 1154 2615 ud

108 2633 188 2697 ipsas
202 2632 307 2696 portas
319 2639 355 2680 nc
368 2637 485 2677 murum
495 2624 780 2691 approquinquaret)
796 2628 825 2677 et
837 2628 915 2690 llisp.
927 2630 960 2694 2,
977 2633 1048 2680 extr.
1062 2633 1079 2679 3
1096 2630 1123 2692 S.
1136 2633 1156 2684 8

108 2708 137 2753 et
155 2702 191 2764 Β,
208 2697 267 2760 §.5
289 2695 526 2761 adpropinquare
549 2708 610 2745 cum
626 2696 666 2746 od
684 2695 885 2759 praepositione
901 2697 1105 2766 coniunxerint,
1128 2707 1157 2750 et

109 2770 214 2832 hostis,
240 2767 306 2819 licet
327 2764 557 2830 adpropinquante
572 2765 607 2814 ed
624 2777 685 2814 eom
701 2762 820 2815 caesore
836 2763 895 2827 ipse
916 2777 1021 2834 quoque
1044 2766 1158 2819 Caesari

80 2856 84 2863 ·
110 2837 220 2905 propior
241 2836 337 2900 fleret,
367 2842 457 2885 tamen
480 2846 530 2885 suo
554 2845 585 2882 sa
601 2834 663 2884 loco
679 2839 775 2882 teneus
791 2834 1023 2897 adpropinquasse
1040 2835 1094 2885 dici
1110 2837 1160 2888 vix

52 2940 54 2947 ›
110 2905 245 2972 potuerit,
269 2904 384 2966 denique
400 2902 495 2968 meod,
517 2902 611 2967 quoad
629 2908 657 2951 et
674 2901 751 2968 quod
766 2902 806 2952 ad
821 2903 904 2953 etlam
920 2903 1003 2969 alibi,
1028 2911 1058 2954 ut
1072 2903 1105 2972 5,
1123 2901 1161 2957 24

110 2978 181 3027 extr.
199 2985 217 3026 a
231 2972 355 3025 librariis
370 2973 485 3024 confusa
498 2971 567 3034 sint,
587 2970 803 3032 oudendorpium
816 2984 876 3022 cum
888 2973 1086 3023 recenlioribus
1099 2974 1159 3024 edl-

110 3045 216 3096 ioribus
233 3042 397 3106 sequendum
413 3040 516 3104 putavi.
538 3040 803 3104 (adpropinquabat
817 3042 899 3104 Bong.
913 3043 947 3090 A·
961 3042 1043 3092 Vind.
1057 3045 1092 3094 A.
1105 3055 1160 3095 non

109 3125 196 3181 appr.
221 3111 372 3164 secundm
384 3111 493 3162 eosdem
509 3106 537 3168 S.
550 3111 568 3159 2
579 3108 774 3174 inpedimenta
786 3117 813 3160 et
824 3110 1026 3174 inpedimentis
1037 3111 1162 3176 scripsi.)

76 3222 159 3303 ruiti.
193 3246 228 3313 5,
246 3250 279 3299 11
293 3253 363 3298 extr.
379 3243 456 3296 bunc
471 3243 528 3296 ioli
540 3242 600 3297 isi·
681 3255 750 3308 quae
758 3243 880 3306 proxime
888 3208 1060 3310 conscriptae
1071 3248 1162 3308 erant]

77 3316 530 3383 loimperioquepruefeoeront.
642 3312 1026 3378 ci.c.2s.1erc.8s.a.

131 3386 158 3448 S.
173 3390 199 3437 Β.
224 3385 417 3437 consuetudine
430 3397 481 3434 sua
494 3395 543 3432 sex
555 3383 598 3432 le-
693 3413 719 3474 S·
740 3411 766 3465 4·
806 3414 835 3464 in
855 3413 946 3466 silvas
965 3440 1000 3452 -
1018 3431 1053 3467 0¹
1072 3416 1160 3476 silva]

78 3456 189 3520 Bima]
212 3455 280 3506 ⁰⁰³¹
293 3456 393 3505 b⁰¹¹⁰¹¹¹
405 3454 599 3516 ¹³⁰¹g¹⁰¹¹¹¹¹¹⁰‘
642 3482 730 3534 Simili
743 3483 877 3535 ranetate
891 3485 995 3536 numeri
1009 3489 1036 3552 3,
1053 3488 1103 3538 282
1120 3487 1160 3538 ad
1179 3500 1181 3505 ·

79 3538 148 3577 ⁰0⁰⁸
178 3533 269 3592 esset,
301 3523 483 3586 Pf⁰¹f¹¹¹⁰¹¹¹¹¹¹
508 3527 600 3571 aum
642 3564 766 3617 quorum
791 3553 907 3602 initium
928 3555 1072 3607 eduorum
1095 3567 1161 3606 cum

79 3591 514 3724 liiiillltiilll‘ir,
529 3594 601 3709 ”ii
643 3621 1164 3757 ffppqugffiqqptsgvgglffgoffi

80 3730 198 3797 lunser,
217 3734 383 3782 consuetudo
397 3731 432 3781 ad
445 3730 538 3779 hostes
551 3728 602 3779 ud-

80 3795 602 3934 fflgqqepqggfpgffqgffibss
642 3762 1044 3894 lfllllpiiiiliglfiili
1066 3767 1161 3827 “³⁶⁰⁸'’

81 3936 164 3989 bellis
176 3946 309 4005 uteretur,
326 3948 380 4001 qua
390 3939 449 3988 tres
464 3935 603 3987 exercitus
695 3936 821 3992 porrecta
840 3942 875 3981 ac
890 3931 954 3982 loca
971 3931 1079 3995 eperia]
1104 3932 1162 3983 llo-

81 4015 178 4070 partes
199 4016 264 4060 aute
286 4006 493 4072 impedimenta,
518 4016 604 4069 quar-
644 4013 706 4055 rum
728 3999 872 4051 verborum
895 4000 1038 4052 collocatio
1057 4013 1093 4052 ea
1110 4008 1164 4064 est,

82 4078 137 4127 ten
157 4086 220 4141 posi
239 4089 275 4132 ea
291 4075 321 4131 in
340 4075 446 4140 mulne
464 4073 605 4129 collocare
644 4076 677 4119 ut
695 4070 837 4133 porrecta
856 4067 891 4119 ed
910 4070 975 4120 locu
992 4071 1093 4120 referri
1112 4081 1165 4120 non

82 4145 195 4200 soleret
253 4198 258 4207 ,
328 4198 340 4207 ,,
645 4137 781 4204 pessimo
798 4148 848 4201 pru
860 4135 1034 4190 ruinartius
1050 4137 1167 4204 positum

875 4205 956 4275 11*
