2572 4688
16 262 19 269 ’
109 226 188 359 Ιιιι
377 277 452 350 nu
479 274 665 350 sunno
693 276 951 354 eueurco

119 477 181 540 eut
194 470 334 563 ponium
353 468 529 560 inaquam
544 470 739 561 progressi,
760 469 916 539 omnibus
932 469 1097 540 membris
1109 491 1202 561 expe

120 559 204 627 ditis
227 559 414 628 notissimis
437 558 524 625 locis
546 557 707 625 audacter
729 559 800 625 tels
820 559 1029 626 coniicerent
1047 567 1085 627 et
1101 580 1201 647 equos

77 644 326 729 iinsueieetos
344 646 539 714 incitarent.
609 644 746 732 Quibus
766 645 869 712 rebus
891 649 1003 713 nostri
1029 646 1202 735 perterriti

119 743 223 825 etque
243 733 346 801 buius
367 734 501 801 omuino
526 734 661 819 generis
684 754 815 823 pugnae
837 735 989 824 imperiti
1003 756 1072 802 uon
1090 733 1201 802 eedem

95 910 103 927 ⁸
187 927 216 990 8.
229 930 257 980 Β.
290 926 415 993 paulun]
449 925 648 993 ‚,liSS.longe
661 923 770 986 plurimi
783 919 1031 978 etvetuscioree.“
1056 925 1119 977 Pet.
1133 925 1200 978 Gott-

151 999 236 1051 Voss.
254 997 289 1048 s.
310 999 388 1060 ugm.
408 995 479 1046 nov.
499 996 583 1059 song.
605 996 640 1044 A.
662 982 711 1044 dr.
730 997 765 1045 A.
792 997 872 1047 vrso.
888 996 943 1047 su.
958 995 1041 1046 estu.
1055 997 1114 1059 es
1132 1009 1199 1049 ιιι.

151 1069 187 1127 (ιι
198 1081 235 1119 ιιι.
247 1080 289 1133 ιιι.
301 1067 413 1131 paam)
431 1063 514 1116 vind.
530 1063 646 1115 Bcllb'l.
670 1064 767 1115 llsmb.
788 1062 842 1115 inc.
856 1065 896 1115 st.
907 1064 1061 1129 pastuum
1076 1065 1134 1116 Pel.
1148 1077 1199 1114 sec.

153 1135 240 1190 confi.
264 1135 347 1188 vinc.
368 1137 403 1185 A.
425 1133 504 1184 Goth.
519 1134 550 1182 Β.
575 1133 656 1183 Vrec.
669 1132 700 1183 0.
713 1145 774 1183 cum
784 1134 850 1183 rell.
864 1134 939 1197 edd,
957 1133 1042 1185 etlam
1057 1134 1143 1201 (iud,
1159 1133 1200 1197 oui

152 1210 246 1258 nmen
260 1215 322 1267 cap.
336 1217 377 1268 sq.
389 1201 508 1252 conferri
521 1201 629 1268 lubens,
645 1202 722 1252 cuins
734 1202 788 1264 802
801 1201 1011 1265 proponentem
1023 1203 1112 1253 edidit
1121 1205 1200 1268 poet·

150 1276 229 1345 μω,
252 1273 296 1324 liic
315 1285 419 1336 quoque
439 1270 603 1332 b’nyllsbum
623 1272 764 1332 probabile
786 1269 840 1322 sibi
860 1270 950 1323 videri
976 1271 1114 1337 ostendit,
1135 1273 1199 1337 quod

151 1345 263 1396 codlces
287 1343 368 1392 etiam
389 1341 524 1403 praeferri
542 1339 645 1390 iubent.
680 1340 794 1391 Omnino
808 1351 921 1403 perraro
935 1341 1089 1404 ραιιιιιιιιιιι
1101 1347 1131 1390 ιιι
1143 1344 1169 1408 2,
1181 1340 1199 1392 8

150 1414 180 1475 s.
193 1416 228 1478 2,
245 1422 311 1463 raro
325 1410 409 1461 etiam
424 1410 591 1471 trisyllabum
606 1409 635 1458 ut
647 1410 680 1473 6,
695 1411 713 1458 9
731 1406 758 1468 S.
770 1412 804 1473 3,
823 1410 857 1458 ab
871 1409 1016 1473 utriusque
1026 1409 1139 1472 generis
1152 1422 1198 1458 ve-

49 1476 53 1482 '
149 1479 312 1532 iustissimis
325 1478 404 1529 libris
416 1480 573 1542 exhibetur,
590 1479 639 1527 sed
651 1477 779 1528 maiorem
792 1476 963 1543 plenumque,
982 1479 1199 1542 quemadmodum

150 1549 180 1602 tu
193 1553 255 1600 adn.
269 1563 309 1600 cr.
325 1550 358 1600 ad
373 1550 406 1612 1,
424 1548 459 1598 to
475 1547 502 1610 s.
518 1550 532 1597 1
549 1546 751 1611 demonstravi,
770 1549 820 1596 lroc
835 1547 1029 1598 auctoritatem
1045 1548 1136 1598 babet
1213 1592 1215 1601 1

187 1618 215 1681 S.
232 1623 260 1671 3.
294 1615 446 1680 expeditis]
480 1617 550 1666 Aud-
569 1614 645 1668 Leid.
664 1616 694 1664 Β.
709 1613 791 1667 Vin'd.
803 1617 838 1665 A.
858 1610 931 1666 Her.
945 1619 980 1667 Α.
999 1617 1085 1680 Boug.
1097 1618 1132 1666 A.
1148 1616 1198 1666 soc.¹

151 1686 195 1739 rt.
217 1689 256 1737 Sc.
290 1686 382 1749 Vulgo
401 1684 545 1752 expediti,
573 1685 644 1749 quod
664 1697 718 1736 nou
737 1687 900 1750 mutassem,
923 1685 979 1735 nisi
993 1685 1141 1736 adiunctae
1154 1698 1199 1749 per

150 1757 238 1819 Bong·
250 1756 302 1821 A„
327 1767 405 1818 quern
425 1756 491 1807 oud.
510 1754 685 1821 neglexerat,
703 1753 819 1804 alterius
831 1754 941 1820 generis
953 1753 1116 1807 auctoritati
1130 1755 1159 1805 iu
1170 1767 1198 1806 re

151 1839 203 1890 per
223 1837 255 1874 ee
274 1825 401 1888 ambigua
425 1820 624 1886 obsequendum
647 1823 827 1885 putavissem.
868 1825 938 1875 Nem
961 1831 1072 1875 rectum
1097 1825 1197 1886 quiden

151 1897 294 1959 utrumque
313 1901 373 1959 est,
396 1894 424 1942 et
443 1894 512 1956 qnod
531 1893 684 1959 reaccesslt
703 1891 849 1957 impeditis
871 1891 1017 1960 montbar,
1040 1893 1071 1942 ei
1094 1882 1196 1971 lrofflb

62 1970 71 1990 i
150 1963 214 2031 ipso
225 1964 358 2025 scriptore
373 1963 475 2027 pariter
489 1964 570 2024 atque
583 1961 730 2012 elibrsriis
746 1969 925 2024 exaequatum
937 1975 1001 2012 esse
1016 1964 1117 2025 potest.
1228 1994 1231 2002 ·

185 2032 366 2093 insuefactos]
401 2032 582 2099 assuefactos
595 2031 653 2095 cod.
667 2032 746 2081 Τιιιι.
758 2030 843 2095 Bong-
856 2028 888 2083 0.
903 2043 959 2082 seo.
980 2030 1068 2082 couti.
1080 2029 1157 2081 bein.
1168 2030 1196 2081 a

151 2101 200 2152 Dr.
216 2103 271 2151 AB.
293 2102 373 2152 Goth.
394 2103 428 2149 A.
450 2101 533 2151 vind.
553 2098 586 2148 F.
608 2101 696 2151 Vasc.
720 2100 770 2151 Gr.
792 2099 819 2149 b.
843 2099 876 2150 P.
896 2101 970 2150 blan.
991 2101 1056 2150 Ald.
1072 2113 1136 2165 nep.
1167 2099 1196 2151 ln

150 2171 237 2226 Voss.
248 2173 283 2222 A.
295 2184 353 2220 sec.
377 2169 458 2218 Febr.
475 2167 557 2219 tricae
570 2178 588 2217 a
602 2180 637 2216 m.
651 2181 674 2216 s.
688 2180 771 2231 super
784 2169 882 2235 raetos
896 2169 1031 2233 scriptum
1045 2176 1099 2220 est.

185 2237 213 2300 s.
228 2236 257 2289 i.
290 2236 355 2303 non]
390 2249 487 2288 omnes
506 2238 578 2286 ilev.
592 2236 626 2284 A.
642 2249 702 2287 non
718 2240 815 2288 omnes
832 2237 883 2290 ox.
897 2240 941 2304 et,
959 2243 990 2287 ιιι
1005 2238 1076 2288 oud.
1088 2236 1195 2288 videbe-

152 2311 216 2373 tur,
237 2309 266 2356 Β.
287 2310 316 2357 et
337 2306 486 2372 „fortasse
508 2305 556 2355 Cu.
577 2304 637 2356 Pet.
645 2301 665 2335 “
688 2305 820 2369 Aldinae,
844 2307 894 2356 tir.
913 2317 940 2356 a.
955 2307 1036 2357 uun.
1062 2305 1140 2369 Line.
1158 2308 1195 2356 lu.

153 2375 257 2426 Graev.
272 2376 343 2425 Dav.
358 2375 425 2424 (lud.
442 2376 468 2425 1.
502 2372 631 2424 clarkius
645 2386 741 2424 omnes
752 2375 860 2426 illorum
874 2384 1061 2426 assumentum
1073 2389 1137 2426 esse
1150 2389 1195 2438 pu-

152 2444 246 2511 tabet,
271 2443 314 2507 qui
336 2443 488 2494 necessat
505 2455 614 2493 suorum
629 2441 811 2494 tortitudinem
822 2445 961 2496 narrando
973 2444 1108 2495 minuisse
1120 2447 1194 2495 vide·

150 2517 244 2580 retur,
268 2514 408 2576 timerent,
432 2511 512 2576 idque
531 2525 593 2562 cum
612 2513 670 2562 ruis
689 2513 829 2563 codicibus
850 2515 879 2563 et
896 2514 956 2563 edd.
970 2516 1036 2565 ante
1048 2515 1110 2564 illd.
1122 2523 1149 2564 et
1160 2515 1194 2565 st.

153 2585 202 2634 Gr.
216 2583 233 2632 b
253 2581 350 2634 omisit.
384 2583 454 2632 Eum
468 2581 536 2631 ond.
552 2580 581 2630 in
600 2583 643 2633 ed.
657 2581 752 2632 minori
767 2584 877 2631 secutus
889 2590 932 2632 esc
943 2581 1101 2633 iubentibus
1116 2583 1194 2646 ipsios

150 2645 232 2704 libris
251 2651 365 2715 reliquls
385 2651 474 2711 (Gott.
492 2652 576 2700 Voss.
597 2653 631 2700 A.
657 2653 735 2713 Em.
753 2663 808 2699 sec.
826 2650 927 2714 Febr.)
947 2652 1049 2715 quibus
1068 2653 1194 2703 accedunt

149 2722 210 2773 Pet.
224 2728 252 2769 el
264 2722 315 2771 Pal
329 2732 386 2772 sec.
412 2719 495 2769 Gonu.
509 2720 555 2768 Dr.
568 2719 625 2768 AB.
645 2719 672 2771 V
728 2718 818 2771 ABG.
834 2719 913 2770 ectu.
928 2719 985 2769 ΑΒ.
1003 2722 1103 2772 Ηιιιιιι).
1118 2722 1192 2772 Vini.

150 2789 255 2841 acuit
280 2791 343 2840 l’ar.
357 2791 391 2839 A.
410 2787 477 2838 tium
492 2787 518 2836 in
531 2789 605 2839 llav.
620 2789 654 2838 Α.
753 2801 768 2838 s
783 2789 870 2839 solum
883 2793 974 2838 exstet
986 2793 1016 2840 et
1031 2792 1194 2855 conpendia,

149 2860 249 2925 quibus
267 2870 363 2912 ornnes
380 2863 410 2908 et
427 2870 487 2908 non
502 2857 639 2910 vocabola
652 2856 801 2923 significari
812 2858 917 2928 solent,
935 2869 990 2911 nou
1002 2858 1045 2913 ite
1055 2860 1193 2912 dissimilia

117 3029 146 3093 s.
159 3031 185 3080 1.
198 3054 234 3069 -
249 3028 281 3081 ιιι
294 3027 428 3096 fluetibus
442 3040 494 3080 uon
507 3026 637 3097 cstidem,
680 3029 771 3080 Etiam
784 3024 882 3082 Cicero
895 3030 982 3082 semel
999 3030 1089 3085 derue
1104 3033 1194 3084 oeten

120 3101 190 3162 quod
210 3101 260 3149 sub
286 3099 428 3164 ductilius,
460 3099 491 3147 ut
508 3099 638 3149 Sincerus
679 3099 905 3160 (multitudinem)
919 3100 987 3150 dixit
999 3112 1053 3163 pro
1098 3102 1194 3153 incutio

116 3168 314 3229 iuterpretatur
342 3169 436 3228 (tittitt
463 3165 511 3221 ten
533 3164 636 3225 idolico
680 3182 707 3220 c.
720 3167 774 3236 40,
791 3167 945 3234 demetere
959 3182 996 3221 cx
1010 3171 1141 3223 varrone
1154 3173 1194 3222 ai-

117 3235 216 3303 nrico)
235 3240 283 3288 sed
303 3238 375 3287 luter
388 3237 504 3301 ductus,
522 3239 568 3300 qui
581 3239 636 3288 ini·
679 3241 784 3303 fertur,
810 3239 889 3288 cuins
909 3238 1096 3291 memorabilis
1115 3242 1194 3292 valde

116 3306 157 3358 tio
175 3307 281 3370 quidem
300 3304 469 3357 hauddubie
490 3304 636 3358 ecinm'ca-
678 3306 829 3358 estimesis
843 3309 877 3358 de
891 3319 922 3357 rc
935 3310 1006 3358 rust.
1021 3310 1057 3373 2,
1075 3311 1095 3358 9
1114 3308 1143 3370 ς.
1162 3311 1193 3359 13

118 3375 300 3442 citreorum,
325 3373 371 3439 ilci
384 3375 566 3442 desiluerant,
583 3391 633 3428 su·
675 3389 781 3428 consue
794 3388 904 3442 ottoque
917 3377 1042 3442 fuciunt.
1067 3373 1193 3431 ceterum

114 3444 264 3511 uetabant,
294 3444 344 3493 sed
369 3451 431 3506 post
455 3446 564 3506 paulum
584 3459 633 3496 su·
674 3458 711 3496 ex
730 3457 781 3512 eo,
803 3448 873 3510 quod
890 3446 1015 3497 Britanni
1033 3457 1119 3508 equos
1132 3458 1193 3498 suos

115 3513 282 3574 petebantur
302 3515 336 3564 ab
356 3510 633 3579 bis,qoii1uamce·
674 3514 704 3566 in
725 3525 823 3578 aquam
847 3515 951 3565 intrare
979 3515 1193 3582 insneiecereut,

115 3581 226 3634 lerrime
239 3584 274 3631 ad
292 3581 359 3632 litus
375 3583 529 3634 tendebant.
674 3584 812 3645 aliquanto
825 3591 888 3635 aute
901 3581 1033 3636 Caesarie
1047 3585 1193 3636 adventurn

85 3693 94 3710 ,
168 3658 285 3716 eosquos
294 3651 463 3701 insuefactos
471 3651 629 3712 incitarent]
672 3653 774 3703 bellum
792 3664 840 3702 eos
866 3665 981 3714 parasse
1007 3656 1192 3721 consequitur,

44 3723 53 3734 '
116 3719 179 3770 Etsi
189 3719 374 3787 iusuefoeere
389 3720 504 3774 verbum
519 3723 631 3784 praeter
674 3721 703 3774 id
717 3719 901 3787 quodCaeser
914 3725 1012 3785 postea
1025 3723 1191 3787 cognoverit.

114 3789 142 3838 b.
154 3790 173 3838 l.
188 3803 319 3851 nusquam
330 3797 440 3840 exstare
454 3789 570 3854 videtur,
588 3798 633 3839 ta-
725 3792 753 3851 S.
772 3789 801 3845 4.
842 3803 896 3842 nou
920 3793 1019 3842 eedem
1047 3792 1191 3844 alacritate

114 3869 192 3924 meu,
208 3870 270 3909 cum
283 3857 430 3910 Gaesarem
440 3856 632 3910 insolitsrer-
673 3870 709 3912 oc
729 3860 837 3927 studio,
850 3876 851 3879 ¹
864 3860 931 3924 quo]
967 3861 1047 3910 llaec
1067 3861 1191 3912 diverso-

114 3927 151 3977 ba
163 3928 334 3988 scopulorum
346 3929 435 3978 instar
447 3927 556 3991 fugisse
565 3940 631 3978 con·
672 3941 733 3983 rum
746 3941 875 3992 generum
888 3928 1051 3992 compositio
1070 3930 1190 3994 siugula-

114 3999 185 4063 stet,
207 4008 261 4047 non
280 3994 416 4048 insolitum
431 3995 518 4046 luisse
531 4005 637 4058 putem.
673 3997 715 4049 rie
728 4006 773 4048 est
785 3997 979 4060 ollisqnelocis
994 3997 1078 4050 aliter
1091 4012 1110 4051 ι
1122 3997 1189 4049 ecri-

112 4066 176 4116 dum
190 4067 243 4128 est,
260 4064 339 4128 idque
352 4077 385 4117 ec
398 4066 429 4115 ut
442 4060 632 4135 verisimilius,
672 4068 750 4129 plere
764 4068 878 4121 evitata.
912 4063 958 4138 Gi,
972 4069 1009 4136 6,
1027 4066 1073 4122 24.
1091 4068 1120 4133 S·
1134 4067 1190 4120 let

113 4146 166 4200 quo
178 4135 267 4202 uagis
279 4134 308 4189 iu
323 4148 377 4190 usu
388 4132 630 4191 eratittroeeeere.
672 4139 706 4203 2,
723 4141 741 4190 e
758 4134 787 4201 s.
801 4137 832 4192 ,5.
