2572 4688
143 272 214 345 art
402 262 482 344 nit
500 262 689 344 'BELLO
716 268 975 388 assaltu
1010 338 1013 351 .

102 463 127 526 2
146 461 222 531 Hoo
234 459 437 534 sibicaesai·
450 454 739 557 satis'opportuns'
750 465 915 536 astitisse
927 466 1132 551 arbitratus,
1146 468 1237 558 quod

146 573 255 640 nsque
274 552 354 659 post
375 559 508 640 tergum
525 552 657 621 bostem
671 555 864 643 relinquere
876 557 1015 623 volebat
1028 576 1141 646 nequa
1157 559 1238 625 belli

148 638 286 726 gerendi
297 648 439 730 propter
451 641 529 708 anni
541 648 675 731 tempus
684 644 882 710 laenitatem
892 644 1040 712 habebat
1052 666 1165 735 nequo
1178 647 1238 713 has

149 730 359 795 tantularum
382 749 496 797 rerum
516 730 755 817 oooupatioue's
769 729 969 798 Britanniae
987 732 1238 824 anteponendas

108 810 129 872 8
148 815 334 900 iudicabat,
354 836 510 904 magnum
526 817 569 886 iis
583 838 759 886 numerum
771 818 928 893 obsidum
943 819 1104 911 imperat,
1157 821 1238 911 Qui-

185 974 493 1030 amarmurmultus
507 976 549 1040 aa
564 975 684 1031 intarta
699 976 888 1045 satisfacere.
918 980 974 1032 Sed
989 981 1061 1033 baeu
1079 979 1107 1032 si
1124 978 1237 1042 scriptor

185 1051 275 1100 minus
296 1056 358 1099 arta
381 1058 443 1100 cum
459 1045 590 1113 proximis
609 1047 659 1115 pati
675 1060 708 1100 te
723 1049 903 1102 excusarent
918 1047 1046 1114 coniungi
1066 1053 1095 1101 et
1112 1052 1150 1103 aa
1168 1049 1236 1112 ipsos

184 1116 313 1172 Morinos,
324 1114 430 1179 potius,
461 1127 541 1178 quam
557 1117 592 1168 ai
609 1129 702 1169 eorum
719 1117 826 1182 legatos
843 1116 945 1170 reterri
958 1118 1113 1182 voluisset,
1130 1128 1184 1169 non
1196 1131 1236 1169 te-

185 1200 260 1255 que,
289 1186 339 1235 seii
362 1197 481 1251 seseque
504 1187 535 1236 ut
556 1185 614 1238 1.5
638 1185 786 1250 posuisset,
819 1188 940 1252 Denique
962 1189 1074 1242 litterae
1092 1199 1129 1241 er
1148 1187 1177 1238 in
1192 1190 1236 1238 lae

185 1255 265 1308 verbi
282 1260 361 1317 parte
377 1252 508 1306 tretilius
524 1255 675 1317 praeterire
692 1254 820 1308 librarios
839 1265 1000 1322 potueruut,
1024 1255 1052 1306 sl
1071 1269 1106 1309 ea
1122 1259 1190 1309 nota
1201 1257 1236 1306 si-

185 1325 334 1392 gnificatae
348 1325 445 1388 erant,
469 1334 548 1387 quam
564 1323 682 1377 astenoit
694 1320 856 1393 ursmarus
870 1323 900 1379 ln
909 1324 1012 1378 imme
1028 1323 1176 1379 (tiemonis
1188 1327 1236 1376 iti·

183 1394 323 1447 liouianae
339 1391 431 1444 addito
447 1390 568 1454 p.v11i.
585 1406 612 1445 ιι.
624 1396 677 1456 91,
693 1403 721 1447 a.
823 1454 828 1463 ¹

220 1462 248 1525 s.
262 1464 289 1514 2.
323 1460 397 1523 lino]
420 1461 492 1515 bueo
513 1461 591 1516 beiti.
608 1463 644 1515 A.
660 1463 743 1518 Vinii.
759 1461 818 1516 Ac.
834 1463 933 1519 llamb.
949 1463 1014 1516 sio.
1031 1469 1236 1529 strenuusque

184 1535 220 1588 ai
237 1533 280 1584 lu.

162 1587 172 1613 ⁸
221 1603 327 1654 caesar
344 1597 414 1652 satio
430 1600 594 1662 opportune]
616 1600 720 1666 ‚mm
737 1593 1236 1667 iere“nooordins‚1’et.voss.l.

187 1671 271 1735 song.
290 1671 323 1719 A.
340 1669 388 1721 Dr.
409 1669 467 1721 AB.
481 1669 561 1723 Vrat.
579 1669 636 1721 Ac.
653 1670 733 1721 Goth.
747 1670 769 1720 Β
786 1676 832 1738 et,
856 1668 903 1736 qni
918 1669 994 1723 satis
1011 1679 1031 1721 a
1046 1682 1085 1722 m.
1103 1684 1128 1722 s.
1145 1683 1236 1734 super·

171 1741 222 1794 'na
239 1738 357 1793 adultum
375 1739 473 1805 babet,
495 1741 529 1791 Α.
547 1737 631 1790 vino.
646 1739 724 1790 lilit'.
743 1739 840 1791 liamb.
856 1741 901 1803 et,
923 1738 969 1803 qul
986 1738 1095 1803 optime
1119 1751 1170 1805 pro
1190 1751 1236 1804 op·
1260 1743 1264 1750 '

186 1802 315 1877 portuosa
339 1804 483 1874 exhibent,
508 1807 583 1861 ilott.
598 1808 680 1860 Vrat.
694 1809 726 1860 li.
743 1807 814 1873 Gn,
837 1806 903 1860 lum
919 1810 980 1860 edd·
998 1811 1065 1860 ante
1080 1811 1148 1860 Ali.
1175 1823 1197 1859 s.
1212 1822 1235 1858 a.

187 1880 220 1933 0.
244 1878 327 1932 vino.
347 1879 382 1929 s.
404 1877 466 1928 Aio.
490 1876 519 1928 et
540 1890 600 1941 sqq.
624 1862 856 1943 assentientibus,
879 1883 910 1927 ut
932 1878 1060 1944 videtur,
1085 1875 1166 1930 Carr.
1182 1879 1236 1928 eut.

188 1951 268 2001 tlurr·
283 1955 311 1999 et
327 1944 392 1999 VV.
405 1944 465 2004 'cm
482 1946 549 1998 Vrs.
567 1945 595 1997 ln
614 1946 695 2014 Not,
717 1945 747 1996 ln
764 1946 861 2010 quibus
878 1944 931 1996 ltoc
947 1947 1001 1999 atti
1016 1946 1095 2000 satta
1109 1960 1161 2013 pro
1173 1947 1237 1999 boec

188 2026 242 2070 sto.
265 2014 321 2081 legi
342 2011 452 2066 dieitur.
486 2014 576 2066 Nihilo
599 2017 692 2067 tamen
709 2013 800 2066 minus
822 2014 939 2067 altarum
966 2017 1046 2081 sequi
1066 2029 1158 2083 nequo
1181 2026 1237 2069 cun

188 2088 258 2161 9nrl.
276 2088 310 2136 de
328 2074 460 2134 eiiciendo
475 2084 583 2136 nomina
599 2084 722 2147 cogitare
738 2083 878 2149 tenemus.
1023 2130 1026 2139 ,

160 2166 185 2215 f
223 2155 389 2208 tantularum
406 2165 497 2204 rerum
514 2152 721 2217 occupationes]
753 2152 808 2209 Pro
825 2151 1011 2215 tentaturum
1028 2151 1160 2206 exultent
1175 2157 1239 2207 teu-

164 2276 168 2283 ,
188 2226 289 2277 taram
305 2218 406 2289 „usa
423 2221 546 2285 plerique
558 2230 585 2272 et
597 2222 664 2272 liud.
680 2219 784 2283 primes
792 2215 830 2287 ,“
851 2221 1003 2272 Pettium.
1015 2223 1105 2274 Voss.
1119 2225 1156 2275 A.
1167 2226 1238 2288 ligni.

72 2296 76 2305 '
118 2318 129 2366 s
188 2293 240 2343 Lb.
265 2294 348 2354 Boug.
365 2289 397 2339 0.
421 2289 481 2340 Pal.
499 2303 555 2341 seo.
573 2290 658 2342 Confi.
675 2290 759 2353 Bong.
772 2289 806 2338 Δ.
825 2290 874 2341 Dr.
891 2290 947 2339 AB.
963 2289 1046 2343 Vtat-
1064 2291 1146 2342 ABG.
1164 2294 1239 2346 Goth.

187 2358 246 2415 AB.
263 2361 345 2412 Vina.
362 2356 479 2409 nturi.
496 2359 548 2409 Gn.
565 2358 662 2409 llamb.
682 2358 742 2407 edd.
760 2359 825 2411 anta
840 2360 904 2409 All.
922 2359 971 2409 tir.
987 2361 1013 2409 b.
1046 2361 1126 2422 Quod
1143 2361 1239 2425 siquis

106 2372 119 2497 f
189 2422 260 2481 tu'eri
272 2429 363 2487 volet,
380 2439 552 2492 quamquam
564 2427 638 2477 tetta
651 2437 827 2491 mapparum
840 2426 1014 2490 brterpretsri
1028 2428 1147 2482 debebit.
1174 2435 1239 2484 Nam

102 2534 105 2542 ,
185 2496 303 2564 paeanii
325 2493 425 2546 rationi
440 2495 652 2557 'interpretantis
674 2498 736 2548 tum
752 2507 916 2560 parvarum
930 2496 1077 2559 scriptoris
1094 2511 1163 2549 usus
1179 2503 1239 2563 pter·

188 2566 284 2627 multis
314 2562 385 2616 locis
415 2564 590 2615 confirmatus
612 2566 641 2614 et
664 2564 828 2626 ambiguitas
850 2564 914 2615 inde
937 2565 1077 2616 exsistens
1101 2572 1240 2633 repugnat.

189 2640 310 2691 Parvum
334 2631 405 2683 enim
428 2632 544 2685 Caesari
565 2630 656 2684 visum
679 2644 744 2683 esse
765 2630 886 2685 Morinos
910 2634 1039 2698 subigere
1057 2635 1115 2686 nisi
1132 2641 1168 2688 ab
1185 2641 1239 2701 ipso

189 2709 303 2758 edoctas
327 2714 380 2752 non
398 2702 482 2752 iaeile
500 2701 635 2753 crederes.
669 2701 724 2755 seri
740 2701 859 2752 utillud
875 2699 981 2765 quidem
999 2702 1180 2768 ambiguitate
1196 2720 1241 2759 ea-

183 2766 282 2843 'reret‚
304 2762 366 2836 oiim
380 2772 474 2823 eodem
490 2769 568 2836 iure,
590 2780 644 2834 quo
660 2781 849 2837 quamquam,
867 2771 1008 2822 subaudiri
1023 2777 1120 2835 posset
1133 2776 1240 2842 quippe.

189 2846 287 2907 ltaque
309 2838 493 2893 tentaturum
515 2840 676 2905 tenendum,
706 2840 776 2902 quoi
800 2840 835 2891 ab
858 2840 929 2890 Alto
947 2841 1097 2893 exhibitum
1120 2845 1195 2896 liar.
1210 2850 1241 2898 Α.

190 2914 275 2966 vind.
353 2916 381 2960 et
404 2909 468 2961 VV.
485 2904 539 2959 00.
556 2908 624 2960 vrs.
647 2908 675 2959 lu
692 2908 755 2959 Not.
774 2908 950 2975 confirmant,
980 2909 1027 2960 oui
1049 2920 1145 2964 eertus
1169 2917 1242 2966 locus

190 2991 235 3035 ast
250 2984 317 3062 233
353 2976 411 3039 §.2
430 2978 458 3028 et
473 2977 511 3045 7,
528 2978 562 3029 19
578 2972 606 3036 8.
619 2972 654 3044 4,
677 2985 705 3029 et
721 2980 791 3041 puori
806 2977 890 3059 tuobe
908 2976 992 3041 potnit
1005 2984 1172 3062 oumultero
1182 2998 1243 3049 per·

335 3047 376 3167 r
393 3042 680 3179 saturata
697 3046 1242 3182 *trasturas

176 3189 334 3255 scaliger,
361 3182 513 3248 sequentes,
529 3187 701 3249 tenuerunt,-
714 3196 766 3248 ego
788 3187 820 3236 ut
840 3198 929 3249 neque
948 3189 1141 3243 necessarium
1158 3205 1242 3256 neque

191 3254 341 3320 caesaris,
359 3250 418 3329 'qui
441 3253 491 3305 boo
513 3253 592 3325 niodo
613 3265 747 3318 nusquam
771 3255 838 3305 duos
856 3254 966 3307 dativos
982 3254 1108 3310 iunxisse
1125 3260 1243 3332 videtur,

192 3330 241 3382 aut
258 3322 365 3380 omnino
382 3320 545 3386 scriptorum
562 3321 626 3374 usui
642 3325 871 3385 accommodatum
888 3325 1063 3379 omittendum
1082 3329 1189 3391 putavi.

224 3397 276 3458 iis]
300 3392 358 3448 ret
374 3390 459 3445 Voss.
472 3395 506 3444 A.
524 3394 601 3457 Egm.
620 3392 690 3446 bor.
707 3405 763 3444 seo·
776 3393 859 3447 Febr.
872 3395 934 3445 Pal.
945 3406 1002 3446 seo.
1018 3396 1104 3450 conti.
1115 3401 1200 3466 liong.
1213 3401 1243 3450 Δ.

190 3468 273 3521 vrat.
290 3467 324 3531 a.
341 3452 421 3525 (ioth.
434 3462 464 3512 li.
482 3462 579 3515 llamb.
597 3461 674 3514 Rom.
691 3475 719 3515 e.
737 3464 809 3514 Med.
826 3475 852 3514 a.
870 3463 943 3515 ven.
961 3463 989 3514 b.
1005 3466 1070 3518 tier.
1094 3468 1154 3521 tiis
1174 3471 1243 3522 (iott.

190 3551 249 3592 seo.
270 3532 355 3591 Fabr.
378 3531 460 3585 Vrat.
480 3529 533 3583 BG.
559 3529 605 3583 aa
621 3532 669 3583 Dr.
682 3531 740 3583 Au.
762 3532 843 3583 Goth.
858 3533 892 3582 A·
909 3531 992 3585 vinu.
1010 3538 1067 3586 ΑΒ.
1085 3539 1159 3591 ven.
1177 3538 1242 3592 eost

191 3596 325 3677 Αιᾲἴήιῖι,
352 3598 401 3669 tir·
418 3601 462 3655 ab.
484 3601 525 3655 St.
549 3602 629 3654 narr.
650 3600 728 3665 bips.
751 3601 793 3652 lu.
812 3601 915 3653 (itaer.
932 3602 1004 3655 Dav.
1020 3605 1062 3657 01.
1080 3606 1150 3659 oud.
1166 3613 1194 3660 2.
1220 3608 1243 3658 is

189 3662 300 3733 ondit·
324 3662 358 3725 ia
373 3668 494 3729 litamus
510 3677 541 3720 ut
558 3682 593 3721 ex
609 3669 647 3723 its
663 3678 833 3733 oontraotnm
851 3671 985 3723 servavit.
1007 3672 1101 3727 itatem
1114 3689 1166 3728 nos
1180 3688 1243 3741 quo-

191 3758 243 3811 que
256 3744 288 3810 2,
307 3744 323 3792 3
340 3738 399 3801 §.b
421 3750 518 3791 verum
533 3742 597 3791 esso
614 3741 776 3792 statuimust
803 3740 829 3790 ts
848 3740 895 3790 rel
912 3749 1024 3805 propter
1041 3745 1242 3808 ambiguitatem

190 3809 302 3882 probari
315 3808 424 3875 nequit,
449 3822 535 3872 nequo
553 3808 736 3874 ontenaorpii
751 3809 893 3860 voluntate
910 3818 1048 3872 receptum
1066 3814 1185 3867 videtur.

228 3892 368 3936 numerum
392 3878 528 3940 obsidum]
553 3891 579 3938 o.
602 3879 728 3951 nubsit.
743 3881 777 3935 Α.
796 3879 865 3931 ouo
896 3879 1026 3934 ossuum
1042 3883 1121 3940 notio
1134 3882 1241 3952 gravior

211 4020 239 4083 s.
249 4022 275 4070 2.
293 4012 379 4081 nepae
392 4015 458 4066 balli
473 4013 679 4087 gerendi—la-
723 4015 817 4082 renui,
845 4028 927 4082 quam
949 4021 1134 4087 praeparandi
1159 4031 1241 4075 eausa

160 4091 292 4142 cultatem
317 4084 448 4145 babebat]
482 4085 579 4148 ltaque
600 4100 634 4136 ue
651 4085 681 4136 in
723 4087 977 4153 proficiscebatur.¹
1028 4134 1031 4139 .

162 4157 330 4216 Britanniam
349 4154 457 4222 quidem
475 4162 530 4210 tarn
549 4152 615 4222 balli
630 4160 680 4222 ga-
776 4157 943 4212 tautularum
964 4162 1060 4212 rerunt
1089 4156 1239 4226 occupatio·
