<?xml version="1.0" encoding="UTF-8"?>
<!DOCTYPE html PUBLIC "-//W3C//DTD XHTML 1.0 Transitional//EN"
    "http://www.w3.org/TR/xhtml1/DTD/xhtml1-transitional.dtd">
<html xmlns="http://www.w3.org/1999/xhtml" xml:lang="en" lang="en">
 <head>
  <title>
</title>
<meta http-equiv="Content-Type" content="text/html;charset=utf-8" />
  <meta name='ocr-system' content='tesseract 3.04.00' />
  <meta name='ocr-capabilities' content='ocr_page ocr_carea ocr_par ocr_line ocrx_word'/>
</head>
<body>
  <div class='ocr_page' id='page_1' title='image "./commentariidebe01schngoog_0023.png"; bbox 0 0 2572 4688; ppageno 0'>
   <div class='ocr_carea' id='block_1_1' title="bbox 92 273 814 376">
    <p class='ocr_par' dir='ltr' id='par_1_1' title="bbox 92 273 814 376">
     <span class='ocr_line' id='line_1_1' title="bbox 92 273 814 376; baseline 0.012 -34"><span class='ocrx_word' id='word_1_1' title='bbox 92 292 153 344; x_wconf 73' lang='lat' dir='ltr'>m</span> <span class='ocrx_word' id='word_1_2' title='bbox 360 337 380 376; x_wconf 22' lang='grc' dir='ltr'>,Ι</span> <span class='ocrx_word' id='word_1_3' title='bbox 467 273 814 352; x_wconf 76' lang='lat' dir='ltr'>raannarro.</span> 
     </span>
    </p>
   </div>
   <div class='ocr_carea' id='block_1_2' title="bbox 37 464 1236 4250">
    <p class='ocr_par' dir='ltr' id='par_1_2' title="bbox 37 464 1236 4218">
     <span class='ocr_line' id='line_1_2' title="bbox 91 464 1186 560; baseline 0.01 -28"><span class='ocrx_word' id='word_1_4' title='bbox 91 467 183 552; x_wconf 68' lang='lat' dir='ltr'>glum</span> <span class='ocrx_word' id='word_1_5' title='bbox 198 464 360 547; x_wconf 82' lang='lat' dir='ltr'>coniecit,</span> <span class='ocrx_word' id='word_1_6' title='bbox 381 466 709 558; x_wconf 81' lang='lat' dir='ltr'>universosqnidsm</span> <span class='ocrx_word' id='word_1_7' title='bbox 723 490 790 537; x_wconf 90' lang='lat' dir='ltr'>non</span> <span class='ocrx_word' id='word_1_8' title='bbox 806 467 924 560; x_wconf 79' lang='lat' dir='ltr'>prius,</span> <span class='ocrx_word' id='word_1_9' title='bbox 952 488 1054 560; x_wconf 76' lang='lat' dir='ltr'>quom</span> <span class='ocrx_word' id='word_1_10' title='bbox 1073 470 1186 544; x_wconf 83' lang='lat' dir='ltr'>diota-</span> 
     </span>
     <span class='ocr_line' id='line_1_3' title="bbox 91 569 1018 654; baseline 0.003 -15"><span class='ocrx_word' id='word_1_11' title='bbox 91 580 148 640; x_wconf 90' lang='lat' dir='ltr'>tor</span> <span class='ocrx_word' id='word_1_12' title='bbox 164 569 275 638; x_wconf 90' lang='lat' dir='ltr'>dictus</span> <span class='ocrx_word' id='word_1_13' title='bbox 290 577 402 654; x_wconf 84' lang='lat' dir='ltr'>esset,</span> <span class='ocrx_word' id='word_1_14' title='bbox 421 594 460 639; x_wconf 87' lang='lat' dir='ltr'>co</span> <span class='ocrx_word' id='word_1_15' title='bbox 476 574 635 642; x_wconf 81' lang='lat' dir='ltr'>beneficio</span> <span class='ocrx_word' id='word_1_16' title='bbox 649 572 809 646; x_wconf 75' lang='lat' dir='ltr'>devinxit.</span> <span class='ocrx_word' id='word_1_17' title='bbox 1015 635 1018 642; x_wconf 91' lang='grc'>.</span> 
     </span>
     <span class='ocr_line' id='line_1_4' title="bbox 196 675 1185 763; baseline 0.006 -19"><span class='ocrx_word' id='word_1_18' title='bbox 196 676 388 745; x_wconf 86' lang='lat' dir='ltr'>Acdilitate</span> <span class='ocrx_word' id='word_1_19' title='bbox 409 675 607 763; x_wconf 85' lang='lat' dir='ltr'>perfunctus</span> <span class='ocrx_word' id='word_1_20' title='bbox 631 677 673 748; x_wconf 82' lang='lat' dir='ltr'>L.</span> <span class='ocrx_word' id='word_1_21' title='bbox 689 678 779 746; x_wconf 87' lang='lat' dir='ltr'>lulio</span> <span class='ocrx_word' id='word_1_22' title='bbox 799 677 947 748; x_wconf 80' lang='lat' dir='ltr'>caesare</span> <span class='ocrx_word' id='word_1_23' title='bbox 959 678 1048 750; x_wconf 76' lang='lat' dir='ltr'>stc.</span> <span class='ocrx_word' id='word_1_24' title='bbox 1062 679 1185 750; x_wconf 83' lang='lat' dir='ltr'>Marco</span> 
     </span>
     <span class='ocr_line' id='line_1_5' title="bbox 90 780 1185 873; baseline 0.003 -24"><span class='ocrx_word' id='word_1_25' title='bbox 90 780 212 869; x_wconf 77' lang='lat' dir='ltr'>Figulo</span> <span class='ocrx_word' id='word_1_26' title='bbox 226 803 315 850; x_wconf 88' lang='lat' dir='ltr'>coss.</span> <span class='ocrx_word' id='word_1_27' title='bbox 329 780 561 868; x_wconf 86' lang='lat' dir='ltr'>quaestionem</span> <span class='ocrx_word' id='word_1_28' title='bbox 576 781 618 847; x_wconf 89' lang='lat' dir='ltr'>de</span> <span class='ocrx_word' id='word_1_29' title='bbox 631 782 766 873; x_wconf 83' lang='lat' dir='ltr'>sicariis</span> <span class='ocrx_word' id='word_1_30' title='bbox 779 784 940 865; x_wconf 84' lang='lat' dir='ltr'>exercuit,</span> <span class='ocrx_word' id='word_1_31' title='bbox 960 783 1062 851; x_wconf 84' lang='lat' dir='ltr'>iudex</span> <span class='ocrx_word' id='word_1_32' title='bbox 1075 806 1185 873; x_wconf 85' lang='lat' dir='ltr'>quae·</span> 
     </span>
     <span class='ocr_line' id='line_1_6' title="bbox 91 883 1185 976; baseline 0.001 -22"><span class='ocrx_word' id='word_1_33' title='bbox 91 889 232 970; x_wconf 76' lang='lat' dir='ltr'>ationis,</span> <span class='ocrx_word' id='word_1_34' title='bbox 259 893 299 954; x_wconf 95' lang='lat' dir='ltr'>ut</span> <span class='ocrx_word' id='word_1_35' title='bbox 321 883 471 976; x_wconf 88' lang='lat' dir='ltr'>videtur,</span> <span class='ocrx_word' id='word_1_36' title='bbox 499 893 535 953; x_wconf 92' lang='lat' dir='ltr'>et</span> <span class='ocrx_word' id='word_1_37' title='bbox 557 887 727 974; x_wconf 88' lang='lat' dir='ltr'>praetoris</span> <span class='ocrx_word' id='word_1_38' title='bbox 749 887 841 968; x_wconf 85' lang='lat' dir='ltr'>sius,</span> <span class='ocrx_word' id='word_1_39' title='bbox 862 889 918 956; x_wconf 90' lang='lat' dir='ltr'>cui</span> <span class='ocrx_word' id='word_1_40' title='bbox 932 910 972 956; x_wconf 88' lang='lat' dir='ltr'>ea</span> <span class='ocrx_word' id='word_1_41' title='bbox 987 888 1185 972; x_wconf 76' lang='lat' dir='ltr'>obvenerat,</span> 
     </span>
     <span class='ocr_line' id='line_1_7' title="bbox 90 989 1183 1078; baseline -0.001 -18"><span class='ocrx_word' id='word_1_42' title='bbox 90 993 238 1060; x_wconf 88' lang='lat' dir='ltr'>vicarius</span> <span class='ocrx_word' id='word_1_43' title='bbox 258 990 485 1071; x_wconf 87' lang='lat' dir='ltr'>constitutus,</span> <span class='ocrx_word' id='word_1_44' title='bbox 513 995 549 1056; x_wconf 94' lang='lat' dir='ltr'>et</span> <span class='ocrx_word' id='word_1_45' title='bbox 573 1011 632 1067; x_wconf 86' lang='lat' dir='ltr'>eos</span> <span class='ocrx_word' id='word_1_46' title='bbox 654 1011 787 1078; x_wconf 91' lang='lat' dir='ltr'>quoque</span> <span class='ocrx_word' id='word_1_47' title='bbox 811 989 1010 1059; x_wconf 80' lang='lat' dir='ltr'>sicariorum</span> <span class='ocrx_word' id='word_1_48' title='bbox 1039 1014 1183 1060; x_wconf 89' lang='lat' dir='ltr'>numero</span> 
     </span>
     <span class='ocr_line' id='line_1_8' title="bbox 89 1091 1184 1187; baseline -0.003 -22"><span class='ocrx_word' id='word_1_49' title='bbox 89 1098 209 1165; x_wconf 91' lang='lat' dir='ltr'>babuit</span> <span class='ocrx_word' id='word_1_50' title='bbox 231 1101 267 1161; x_wconf 90' lang='lat' dir='ltr'>et</span> <span class='ocrx_word' id='word_1_51' title='bbox 287 1116 373 1182; x_wconf 92' lang='lat' dir='ltr'>aqua</span> <span class='ocrx_word' id='word_1_52' title='bbox 397 1094 532 1183; x_wconf 81' lang='lat' dir='ltr'>ignique</span> <span class='ocrx_word' id='word_1_53' title='bbox 547 1091 739 1177; x_wconf 85' lang='lat' dir='ltr'>interdixit,</span> <span class='ocrx_word' id='word_1_54' title='bbox 762 1118 831 1183; x_wconf 89' lang='lat' dir='ltr'>qur</span> <span class='ocrx_word' id='word_1_55' title='bbox 811 1096 1048 1187; x_wconf 78' lang='lat' dir='ltr'>temporibus</span> <span class='ocrx_word' id='word_1_56' title='bbox 1065 1095 1184 1163; x_wconf 87' lang='lat' dir='ltr'>Sulla-</span> 
     </span>
     <span class='ocr_line' id='line_1_9' title="bbox 89 1199 1184 1305; baseline -0.001 -36"><span class='ocrx_word' id='word_1_57' title='bbox 89 1203 144 1269; x_wconf 90' lang='lat' dir='ltr'>nis</span> <span class='ocrx_word' id='word_1_58' title='bbox 158 1200 201 1268; x_wconf 93' lang='lat' dir='ltr'>ob</span> <span class='ocrx_word' id='word_1_59' title='bbox 214 1200 368 1305; x_wconf 79' lang='lat' dir='ltr'>rqlata</span> <span class='ocrx_word' id='word_1_60' title='bbox 339 1201 460 1267; x_wconf 73' lang='lat' dir='ltr'>civium</span> <span class='ocrx_word' id='word_1_61' title='bbox 474 1199 701 1293; x_wconf 84' lang='lat' dir='ltr'>Romanorum</span> <span class='ocrx_word' id='word_1_62' title='bbox 715 1201 826 1288; x_wconf 89' lang='lat' dir='ltr'>capita</span> <span class='ocrx_word' id='word_1_63' title='bbox 839 1202 999 1292; x_wconf 89' lang='lat' dir='ltr'>pecunias</span> <span class='ocrx_word' id='word_1_64' title='bbox 1022 1223 1064 1268; x_wconf 86' lang='lat' dir='ltr'>ex</span> <span class='ocrx_word' id='word_1_65' title='bbox 1083 1223 1184 1269; x_wconf 89' lang='lat' dir='ltr'>aera·</span> 
     </span>
     <span class='ocr_line' id='line_1_10' title="bbox 91 1304 1184 1393; baseline -0.004 -18"><span class='ocrx_word' id='word_1_66' title='bbox 91 1309 145 1375; x_wconf 90' lang='lat' dir='ltr'>rio</span> <span class='ocrx_word' id='word_1_67' title='bbox 167 1311 382 1393; x_wconf 79' lang='lat' dir='ltr'>acceperant,</span> <span class='ocrx_word' id='word_1_68' title='bbox 404 1326 605 1392; x_wconf 89' lang='lat' dir='ltr'>quamquam</span> <span class='ocrx_word' id='word_1_69' title='bbox 622 1311 778 1392; x_wconf 87' lang='lat' dir='ltr'>exceptos</span> <span class='ocrx_word' id='word_1_70' title='bbox 793 1304 1157 1391; x_wconf 51' lang='lat' dir='ltr'>Corneliislcgibusst</span> <span class='ocrx_word' id='word_1_71' title='bbox 1144 1327 1184 1371; x_wconf 92' lang='grc' dir='ltr'>ιιι</span> 
     </span>
     <span class='ocr_line' id='line_1_11' title="bbox 88 1406 1183 1499; baseline -0.006 -18"><span class='ocrx_word' id='word_1_72' title='bbox 88 1411 199 1482; x_wconf 87' lang='lat' dir='ltr'>bisL.</span> <span class='ocrx_word' id='word_1_73' title='bbox 215 1410 425 1490; x_wconf 88' lang='lat' dir='ltr'>Bellienum,</span> <span class='ocrx_word' id='word_1_74' title='bbox 446 1406 616 1475; x_wconf 74' lang='lat' dir='ltr'>Catulinae</span> <span class='ocrx_word' id='word_1_75' title='bbox 629 1410 848 1491; x_wconf 87' lang='lat' dir='ltr'>avunculum</span> <span class='ocrx_word' id='word_1_76' title='bbox 870 1433 930 1499; x_wconf 83' lang='lat' dir='ltr'>quc</span> <span class='ocrx_word' id='word_1_77' title='bbox 918 1408 1044 1478; x_wconf 88' lang='lat' dir='ltr'>Sulla</span> <span class='ocrx_word' id='word_1_78' title='bbox 1060 1408 1183 1476; x_wconf 89' lang='lat' dir='ltr'>iuben·</span> 
     </span>
     <span class='ocr_line' id='line_1_12' title="bbox 88 1502 1182 1609; baseline -0.003 -26"><span class='ocrx_word' id='word_1_79' title='bbox 88 1523 124 1609; x_wconf 77' lang='lat' dir='ltr'>te</span> <span class='ocrx_word' id='word_1_80' title='bbox 147 1516 255 1583; x_wconf 90' lang='lat' dir='ltr'>ante</span> <span class='ocrx_word' id='word_1_81' title='bbox 243 1512 353 1603; x_wconf 82' lang='lat' dir='ltr'>apsius</span> <span class='ocrx_word' id='word_1_82' title='bbox 370 1511 473 1600; x_wconf 89' lang='lat' dir='ltr'>pedes</span> <span class='ocrx_word' id='word_1_83' title='bbox 494 1509 538 1598; x_wconf 96' lang='lat' dir='ltr'>Q.</span> <span class='ocrx_word' id='word_1_84' title='bbox 554 1511 748 1579; x_wconf 89' lang='lat' dir='ltr'>Lueretinm</span> <span class='ocrx_word' id='word_1_85' title='bbox 765 1502 932 1595; x_wconf 82' lang='lat' dir='ltr'>Olellam,</span> <span class='ocrx_word' id='word_1_86' title='bbox 953 1513 1045 1603; x_wconf 91' lang='lat' dir='ltr'>quod</span> <span class='ocrx_word' id='word_1_87' title='bbox 1061 1519 1182 1580; x_wconf 87' lang='lat' dir='ltr'>contra</span> 
     </span>
     <span class='ocr_line' id='line_1_13' title="bbox 89 1616 1181 1706; baseline -0.004 -17"><span class='ocrx_word' id='word_1_88' title='bbox 89 1623 164 1689; x_wconf 89' lang='lat' dir='ltr'>eius</span> <span class='ocrx_word' id='word_1_89' title='bbox 184 1622 388 1688; x_wconf 87' lang='lat' dir='ltr'>voluntatem</span> <span class='ocrx_word' id='word_1_90' title='bbox 414 1619 625 1683; x_wconf 84' lang='lat' dir='ltr'>consulatum</span> <span class='ocrx_word' id='word_1_91' title='bbox 649 1618 804 1706; x_wconf 88' lang='lat' dir='ltr'>petebat,</span> <span class='ocrx_word' id='word_1_92' title='bbox 834 1616 1113 1699; x_wconf 82' lang='lat' dir='ltr'>obtruncaverat,</span> <span class='ocrx_word' id='word_1_93' title='bbox 1142 1625 1181 1685; x_wconf 87' lang='lat' dir='ltr'>et</span> 
     </span>
     <span class='ocr_line' id='line_1_14' title="bbox 87 1705 1180 1811; baseline -0.008 -15"><span class='ocrx_word' id='word_1_94' title='bbox 87 1726 254 1796; x_wconf 83' lang='lat' dir='ltr'>Muscium</span> <span class='ocrx_word' id='word_1_95' title='bbox 277 1705 521 1798; x_wconf 79' lang='lat' dir='ltr'>centurionem,</span> <span class='ocrx_word' id='word_1_96' title='bbox 553 1721 612 1807; x_wconf 91' lang='lat' dir='ltr'>qui</span> <span class='ocrx_word' id='word_1_97' title='bbox 634 1722 746 1789; x_wconf 85' lang='lat' dir='ltr'>tribus</span> <span class='ocrx_word' id='word_1_98' title='bbox 766 1723 967 1811; x_wconf 86' lang='lat' dir='ltr'>proscriptis</span> <span class='ocrx_word' id='word_1_99' title='bbox 987 1721 1180 1789; x_wconf 81' lang='lat' dir='ltr'>interiectis</span> 
     </span>
     <span class='ocr_line' id='line_1_15' title="bbox 87 1820 1180 1920; baseline -0.006 -21"><span class='ocrx_word' id='word_1_100' title='bbox 87 1830 303 1920; x_wconf 81' lang='lat' dir='ltr'>septuaginta</span> <span class='ocrx_word' id='word_1_101' title='bbox 318 1822 385 1889; x_wconf 87' lang='lat' dir='ltr'>duc</span> <span class='ocrx_word' id='word_1_102' title='bbox 402 1824 495 1887; x_wconf 86' lang='lat' dir='ltr'>milia</span> <span class='ocrx_word' id='word_1_103' title='bbox 509 1820 583 1892; x_wconf 86' lang='lat' dir='ltr'>Hs.</span> <span class='ocrx_word' id='word_1_104' title='bbox 599 1820 799 1894; x_wconf 86' lang='lat' dir='ltr'>abstulerat.</span> <span class='ocrx_word' id='word_1_105' title='bbox 853 1825 1054 1894; x_wconf 79' lang='lat' dir='ltr'>severitatis</span> <span class='ocrx_word' id='word_1_106' title='bbox 1067 1827 1102 1893; x_wconf 90' lang='lat' dir='ltr'>in</span> <span class='ocrx_word' id='word_1_107' title='bbox 1116 1848 1180 1892; x_wconf 88' lang='lat' dir='ltr'>eos</span> 
     </span>
     <span class='ocr_line' id='line_1_16' title="bbox 87 1927 1180 2020; baseline -0.004 -19"><span class='ocrx_word' id='word_1_108' title='bbox 87 1931 275 2020; x_wconf 85' lang='lat' dir='ltr'>exemplum</span> <span class='ocrx_word' id='word_1_109' title='bbox 296 1949 382 2011; x_wconf 89' lang='lat' dir='ltr'>anno</span> <span class='ocrx_word' id='word_1_110' title='bbox 400 1927 569 2014; x_wconf 80' lang='lat' dir='ltr'>superiori</span> <span class='ocrx_word' id='word_1_111' title='bbox 590 1928 791 2015; x_wconf 82' lang='lat' dir='ltr'>praeiverat</span> <span class='ocrx_word' id='word_1_112' title='bbox 807 1928 893 1999; x_wconf 84' lang='lat' dir='ltr'>Cato</span> <span class='ocrx_word' id='word_1_113' title='bbox 918 1937 1080 2020; x_wconf 82' lang='lat' dir='ltr'>quaestor</span> <span class='ocrx_word' id='word_1_114' title='bbox 1106 1931 1180 1997; x_wconf 87' lang='lat' dir='ltr'>sin·</span> 
     </span>
     <span class='ocr_line' id='line_1_17' title="bbox 87 2028 1180 2124; baseline -0.003 -21"><span class='ocrx_word' id='word_1_115' title='bbox 87 2039 186 2124; x_wconf 83' lang='lat' dir='ltr'>gulos</span> <span class='ocrx_word' id='word_1_116' title='bbox 209 2029 350 2122; x_wconf 84' lang='lat' dir='ltr'>publica</span> <span class='ocrx_word' id='word_1_117' title='bbox 368 2029 510 2115; x_wconf 90' lang='lat' dir='ltr'>pecnnia</span> <span class='ocrx_word' id='word_1_118' title='bbox 533 2028 575 2094; x_wconf 92' lang='lat' dir='ltr'>cb</span> <span class='ocrx_word' id='word_1_119' title='bbox 599 2031 692 2096; x_wconf 84' lang='lat' dir='ltr'>nolas</span> <span class='ocrx_word' id='word_1_120' title='bbox 714 2031 856 2099; x_wconf 87' lang='lat' dir='ltr'>donatos</span> <span class='ocrx_word' id='word_1_121' title='bbox 878 2032 921 2098; x_wconf 89' lang='lat' dir='ltr'>ad</span> <span class='ocrx_word' id='word_1_122' title='bbox 942 2056 979 2100; x_wconf 84' lang='lat' dir='ltr'>ee</span> <span class='ocrx_word' id='word_1_123' title='bbox 1000 2056 1122 2103; x_wconf 85' lang='lat' dir='ltr'>vocans</span> <span class='ocrx_word' id='word_1_124' title='bbox 1141 2040 1180 2100; x_wconf 91' lang='lat' dir='ltr'>et</span> 
     </span>
     <span class='ocr_line' id='line_1_18' title="bbox 86 2131 1179 2227; baseline -0.006 -17"><span class='ocrx_word' id='word_1_125' title='bbox 86 2138 300 2210; x_wconf 83' lang='lat' dir='ltr'>vehementer</span> <span class='ocrx_word' id='word_1_126' title='bbox 312 2134 496 2221; x_wconf 88' lang='lat' dir='ltr'>increpitos</span> <span class='ocrx_word' id='word_1_127' title='bbox 512 2131 654 2199; x_wconf 91' lang='lat' dir='ltr'>reddere</span> <span class='ocrx_word' id='word_1_128' title='bbox 668 2144 837 2227; x_wconf 84' lang='lat' dir='ltr'>acceptam</span> <span class='ocrx_word' id='word_1_129' title='bbox 854 2159 998 2224; x_wconf 82' lang='lat' dir='ltr'>cogens,</span> <span class='ocrx_word' id='word_1_130' title='bbox 1019 2139 1078 2226; x_wconf 91' lang='lat' dir='ltr'>qui</span> <span class='ocrx_word' id='word_1_131' title='bbox 1097 2158 1179 2225; x_wconf 92' lang='lat' dir='ltr'>pro-</span> 
     </span>
     <span class='ocr_line' id='line_1_19' title="bbox 83 2236 1178 2331; baseline -0.004 -20"><span class='ocrx_word' id='word_1_132' title='bbox 83 2247 178 2329; x_wconf 84' lang='lat' dir='ltr'>tinus</span> <span class='ocrx_word' id='word_1_133' title='bbox 199 2241 290 2308; x_wconf 89' lang='lat' dir='ltr'>inter</span> <span class='ocrx_word' id='word_1_134' title='bbox 309 2236 451 2304; x_wconf 86' lang='lat' dir='ltr'>sicarios</span> <span class='ocrx_word' id='word_1_135' title='bbox 482 2236 619 2303; x_wconf 92' lang='lat' dir='ltr'>adducti</span> <span class='ocrx_word' id='word_1_136' title='bbox 645 2239 679 2305; x_wconf 92' lang='lat' dir='ltr'>in</span> <span class='ocrx_word' id='word_1_137' title='bbox 711 2241 872 2309; x_wconf 90' lang='lat' dir='ltr'>iudicium</span> <span class='ocrx_word' id='word_1_138' title='bbox 897 2240 1178 2331; x_wconf 83' lang='lat' dir='ltr'>condemnatique</span> 
     </span>
     <span class='ocr_line' id='line_1_20' title="bbox 84 2340 1176 2438; baseline -0.003 -21"><span class='ocrx_word' id='word_1_139' title='bbox 84 2355 177 2417; x_wconf 87' lang='lat' dir='ltr'>sunt.</span> <span class='ocrx_word' id='word_1_140' title='bbox 228 2341 299 2412; x_wconf 85' lang='lat' dir='ltr'>Sed</span> <span class='ocrx_word' id='word_1_141' title='bbox 320 2340 501 2410; x_wconf 83' lang='lat' dir='ltr'>Catilinam</span> <span class='ocrx_word' id='word_1_142' title='bbox 524 2340 653 2411; x_wconf 81' lang='lat' dir='ltr'>Caesar</span> <span class='ocrx_word' id='word_1_143' title='bbox 674 2344 790 2413; x_wconf 91' lang='lat' dir='ltr'>eodem</span> <span class='ocrx_word' id='word_1_144' title='bbox 806 2347 941 2416; x_wconf 90' lang='lat' dir='ltr'>nomine</span> <span class='ocrx_word' id='word_1_145' title='bbox 955 2346 1046 2438; x_wconf 88' lang='lat' dir='ltr'>apud</span> <span class='ocrx_word' id='word_1_146' title='bbox 1058 2346 1102 2414; x_wconf 69' lang='lat' dir='ltr'>&#39;se</span> <span class='ocrx_word' id='word_1_147' title='bbox 1118 2369 1176 2414; x_wconf 87' lang='lat' dir='ltr'>ae-</span> 
     </span>
     <span class='ocr_line' id='line_1_21' title="bbox 83 2444 412 2533; baseline -0.035 -11"><span class='ocrx_word' id='word_1_148' title='bbox 83 2457 236 2533; x_wconf 87' lang='lat' dir='ltr'>cusatum</span> <span class='ocrx_word' id='word_1_149' title='bbox 253 2444 412 2515; x_wconf 86' lang='lat' dir='ltr'>absolvit.</span> 
     </span>
     <span class='ocr_line' id='line_1_22' title="bbox 37 2545 1175 2657; baseline -0.001 -35"><span class='ocrx_word' id='word_1_150' title='bbox 37 2633 40 2642; x_wconf 21' lang='grc' dir='ltr'><em>Α</em></span> <span class='ocrx_word' id='word_1_151' title='bbox 190 2554 390 2657; x_wconf 85' lang='lat' dir='ltr'>Sequuntur</span> <span class='ocrx_word' id='word_1_152' title='bbox 409 2551 566 2617; x_wconf 89' lang='lat' dir='ltr'>consules</span> <span class='ocrx_word' id='word_1_153' title='bbox 586 2545 706 2619; x_wconf 79' lang='lat' dir='ltr'>Cicero</span> <span class='ocrx_word' id='word_1_154' title='bbox 719 2552 809 2622; x_wconf 82' lang='lat' dir='ltr'>etC</span> <span class='ocrx_word' id='word_1_155' title='bbox 823 2551 1016 2635; x_wconf 86' lang='lat' dir='ltr'>Antonius,</span> <span class='ocrx_word' id='word_1_156' title='bbox 1037 2554 1098 2642; x_wconf 89' lang='lat' dir='ltr'>qui</span> <span class='ocrx_word' id='word_1_157' title='bbox 1113 2575 1175 2621; x_wconf 88' lang='lat' dir='ltr'>an-</span> 
     </span>
     <span class='ocr_line' id='line_1_23' title="bbox 75 2635 1188 2746; baseline -0.006 -13"><span class='ocrx_word' id='word_1_158' title='bbox 75 2678 147 2733; x_wconf 87' lang='lat' dir='ltr'>&#39;nns</span> <span class='ocrx_word' id='word_1_159' title='bbox 166 2661 229 2728; x_wconf 88' lang='lat' dir='ltr'>bas</span> <span class='ocrx_word' id='word_1_160' title='bbox 249 2635 408 2746; x_wconf 78' lang='lat' dir='ltr'>deinceps</span> <span class='ocrx_word' id='word_1_161' title='bbox 433 2656 584 2721; x_wconf 89' lang='lat' dir='ltr'>actiones</span> <span class='ocrx_word' id='word_1_162' title='bbox 605 2653 763 2723; x_wconf 84' lang='lat' dir='ltr'>Caesaris</span> <span class='ocrx_word' id='word_1_163' title='bbox 786 2656 900 2731; x_wconf 90' lang='lat' dir='ltr'>babet.</span> <span class='ocrx_word' id='word_1_164' title='bbox 942 2656 1048 2727; x_wconf 79' lang='lat' dir='ltr'>caius</span> <span class='ocrx_word' id='word_1_165' title='bbox 1068 2658 1176 2727; x_wconf 85' lang='lat' dir='ltr'>Rabi-</span> <span class='ocrx_word' id='word_1_166' title='bbox 1185 2672 1188 2678; x_wconf 81' lang='grc'><strong>’</strong></span> 
     </span>
     <span class='ocr_line' id='line_1_24' title="bbox 84 2760 1171 2847; baseline -0.005 -11"><span class='ocrx_word' id='word_1_167' title='bbox 84 2768 158 2836; x_wconf 85' lang='lat' dir='ltr'>rius</span> <span class='ocrx_word' id='word_1_168' title='bbox 174 2768 265 2846; x_wconf 90' lang='lat' dir='ltr'>crat,</span> <span class='ocrx_word' id='word_1_169' title='bbox 293 2768 450 2840; x_wconf 80' lang='lat' dir='ltr'>senator,</span> <span class='ocrx_word' id='word_1_170' title='bbox 472 2760 735 2847; x_wconf 85' lang='lat' dir='ltr'>proveetaeiam</span> <span class='ocrx_word' id='word_1_171' title='bbox 751 2763 890 2844; x_wconf 88' lang='lat' dir='ltr'>aetatis,</span> <span class='ocrx_word' id='word_1_172' title='bbox 911 2763 1025 2830; x_wconf 89' lang='lat' dir='ltr'>nulli</span> <span class='ocrx_word' id='word_1_173' title='bbox 1014 2764 1171 2832; x_wconf 77' lang='lat' dir='ltr'>iniuriam</span> 
     </span>
     <span class='ocr_line' id='line_1_25' title="bbox 84 2858 1236 2953; baseline -0.003 -15"><span class='ocrx_word' id='word_1_174' title='bbox 84 2872 232 2949; x_wconf 88' lang='lat' dir='ltr'>iaciens,</span> <span class='ocrx_word' id='word_1_175' title='bbox 262 2864 324 2933; x_wconf 88' lang='lat' dir='ltr'>sed</span> <span class='ocrx_word' id='word_1_176' title='bbox 343 2858 411 2952; x_wconf 89' lang='lat' dir='ltr'>quo</span> <span class='ocrx_word' id='word_1_177' title='bbox 432 2863 615 2952; x_wconf 88' lang='lat' dir='ltr'>praecipuo</span> <span class='ocrx_word' id='word_1_178' title='bbox 636 2865 792 2933; x_wconf 87' lang='lat' dir='ltr'>adiutore</span> <span class='ocrx_word' id='word_1_179' title='bbox 818 2866 959 2953; x_wconf 82' lang='lat' dir='ltr'>triginta</span> <span class='ocrx_word' id='word_1_180' title='bbox 990 2869 1172 2936; x_wconf 87' lang='lat' dir='ltr'>sexennis</span> <span class='ocrx_word' id='word_1_181' title='bbox 1234 2918 1236 2922; x_wconf 85' lang='lat'><em>-</em></span> 
     </span>
     <span class='ocr_line' id='line_1_26' title="bbox 85 2967 1173 3044; baseline -0.004 0"><span class='ocrx_word' id='word_1_182' title='bbox 85 2983 163 3044; x_wconf 90' lang='lat' dir='ltr'>ante</span> <span class='ocrx_word' id='word_1_183' title='bbox 190 2971 231 3040; x_wconf 89' lang='lat' dir='ltr'>L.</span> <span class='ocrx_word' id='word_1_184' title='bbox 258 2969 434 3038; x_wconf 88' lang='lat' dir='ltr'>Saturnini</span> <span class='ocrx_word' id='word_1_185' title='bbox 461 2967 661 3037; x_wconf 78' lang='lat' dir='ltr'>seditiosum</span> <span class='ocrx_word' id='word_1_186' title='bbox 685 2972 894 3038; x_wconf 84' lang='lat' dir='ltr'>tribunatum</span> <span class='ocrx_word' id='word_1_187' title='bbox 916 2979 1053 3043; x_wconf 87' lang='lat' dir='ltr'>senatus</span> <span class='ocrx_word' id='word_1_188' title='bbox 1076 2995 1173 3041; x_wconf 87' lang='lat' dir='ltr'>coer-</span> 
     </span>
     <span class='ocr_line' id='line_1_27' title="bbox 84 3072 1172 3160; baseline -0.003 -12"><span class='ocrx_word' id='word_1_189' title='bbox 84 3084 214 3148; x_wconf 87' lang='lat' dir='ltr'>cuerat.</span> <span class='ocrx_word' id='word_1_190' title='bbox 242 3072 318 3143; x_wconf 58' lang='lat' dir='ltr'>xAd</span> <span class='ocrx_word' id='word_1_191' title='bbox 339 3075 425 3140; x_wconf 92' lang='lat' dir='ltr'>bunc</span> <span class='ocrx_word' id='word_1_192' title='bbox 441 3073 664 3141; x_wconf 87' lang='lat' dir='ltr'>accusandum</span> <span class='ocrx_word' id='word_1_193' title='bbox 678 3073 807 3146; x_wconf 81' lang='lat' dir='ltr'>Caesar</span> <span class='ocrx_word' id='word_1_194' title='bbox 821 3075 866 3145; x_wconf 90' lang='lat' dir='ltr'>T.</span> <span class='ocrx_word' id='word_1_195' title='bbox 880 3074 1085 3160; x_wconf 86' lang='lat' dir='ltr'>Labienum,</span> <span class='ocrx_word' id='word_1_196' title='bbox 1106 3080 1172 3145; x_wconf 86' lang='lat' dir='ltr'>tri-</span> 
     </span>
     <span class='ocr_line' id='line_1_28' title="bbox 82 3177 1171 3271; baseline -0.003 -19"><span class='ocrx_word' id='word_1_197' title='bbox 82 3187 210 3254; x_wconf 86' lang='lat' dir='ltr'>bunum</span> <span class='ocrx_word' id='word_1_198' title='bbox 232 3177 360 3271; x_wconf 89' lang='lat' dir='ltr'>plebis,</span> <span class='ocrx_word' id='word_1_199' title='bbox 392 3179 452 3265; x_wconf 91' lang='lat' dir='ltr'>qui</span> <span class='ocrx_word' id='word_1_200' title='bbox 473 3183 510 3242; x_wconf 90' lang='lat' dir='ltr'>ct</span> <span class='ocrx_word' id='word_1_201' title='bbox 530 3177 604 3267; x_wconf 88' lang='lat' dir='ltr'>ipse</span> <span class='ocrx_word' id='word_1_202' title='bbox 624 3179 688 3246; x_wconf 92' lang='lat' dir='ltr'>sub</span> <span class='ocrx_word' id='word_1_203' title='bbox 710 3179 752 3249; x_wconf 92' lang='lat' dir='ltr'>P.</span> <span class='ocrx_word' id='word_1_204' title='bbox 776 3177 942 3256; x_wconf 86' lang='lat' dir='ltr'>Servilio,</span> <span class='ocrx_word' id='word_1_205' title='bbox 972 3189 1010 3247; x_wconf 91' lang='lat' dir='ltr'>ut</span> <span class='ocrx_word' id='word_1_206' title='bbox 1030 3179 1171 3265; x_wconf 82' lang='lat' dir='ltr'>Caesar,</span> 
     </span>
     <span class='ocr_line' id='line_1_29' title="bbox 83 3282 1171 3371; baseline -0.003 -13"><span class='ocrx_word' id='word_1_207' title='bbox 83 3290 307 3366; x_wconf 85' lang='lat' dir='ltr'>militaverat,</span> <span class='ocrx_word' id='word_1_208' title='bbox 334 3282 432 3349; x_wconf 92' lang='lat' dir='ltr'>cuius</span> <span class='ocrx_word' id='word_1_209' title='bbox 453 3289 598 3371; x_wconf 87' lang='lat' dir='ltr'>patruus</span> <span class='ocrx_word' id='word_1_210' title='bbox 619 3282 664 3371; x_wconf 93' lang='lat' dir='ltr'>Q.</span> <span class='ocrx_word' id='word_1_211' title='bbox 678 3282 849 3350; x_wconf 74' lang='lat' dir='ltr'>Labienus</span> <span class='ocrx_word' id='word_1_212' title='bbox 869 3284 905 3350; x_wconf 88' lang='lat' dir='ltr'>in</span> <span class='ocrx_word' id='word_1_213' title='bbox 920 3282 987 3353; x_wconf 89' lang='lat' dir='ltr'>illa</span> <span class='ocrx_word' id='word_1_214' title='bbox 1002 3282 1171 3355; x_wconf 89' lang='lat' dir='ltr'>seditione</span> 
     </span>
     <span class='ocr_line' id='line_1_30' title="bbox 75 3386 1170 3478; baseline -0.005 -14"><span class='ocrx_word' id='word_1_215' title='bbox 75 3416 151 3478; x_wconf 49' lang='lat' dir='ltr'>¹nna</span> <span class='ocrx_word' id='word_1_216' title='bbox 172 3412 248 3460; x_wconf 91' lang='lat' dir='ltr'>cum</span> <span class='ocrx_word' id='word_1_217' title='bbox 276 3388 460 3457; x_wconf 87' lang='lat' dir='ltr'>Saturnino</span> <span class='ocrx_word' id='word_1_218' title='bbox 483 3386 597 3454; x_wconf 82' lang='lat' dir='ltr'>lucrat</span> <span class='ocrx_word' id='word_1_219' title='bbox 619 3388 838 3471; x_wconf 84' lang='lat' dir='ltr'>interfectus,</span> <span class='ocrx_word' id='word_1_220' title='bbox 870 3386 1080 3460; x_wconf 87' lang='lat' dir='ltr'>subornavit.</span> <span class='ocrx_word' id='word_1_221' title='bbox 1130 3389 1170 3458; x_wconf 84' lang='lat' dir='ltr'>Is</span> 
     </span>
     <span class='ocr_line' id='line_1_31' title="bbox 81 3490 1170 3587; baseline -0.005 -19"><span class='ocrx_word' id='word_1_222' title='bbox 81 3499 189 3587; x_wconf 77' lang='lat' dir='ltr'>igitur</span> <span class='ocrx_word' id='word_1_223' title='bbox 208 3494 252 3562; x_wconf 92' lang='lat' dir='ltr'>ob</span> <span class='ocrx_word' id='word_1_224' title='bbox 274 3490 408 3560; x_wconf 89' lang='lat' dir='ltr'>caedem</span> <span class='ocrx_word' id='word_1_225' title='bbox 423 3490 599 3558; x_wconf 88' lang='lat' dir='ltr'>Saturnini</span> <span class='ocrx_word' id='word_1_226' title='bbox 610 3492 740 3560; x_wconf 91' lang='lat' dir='ltr'>tribuni</span> <span class='ocrx_word' id='word_1_227' title='bbox 753 3493 865 3584; x_wconf 90' lang='lat' dir='ltr'>plebis</span> <span class='ocrx_word' id='word_1_228' title='bbox 879 3491 1088 3561; x_wconf 88' lang='lat' dir='ltr'>sacrosancti</span> <span class='ocrx_word' id='word_1_229' title='bbox 1100 3491 1170 3564; x_wconf 58' lang='lat' dir='ltr'>Rc</span> 
     </span>
     <span class='ocr_line' id='line_1_32' title="bbox 81 3596 1169 3697; baseline -0.003 -24"><span class='ocrx_word' id='word_1_230' title='bbox 81 3606 208 3697; x_wconf 78' lang='lat' dir='ltr'>birium</span> <span class='ocrx_word' id='word_1_231' title='bbox 221 3601 257 3677; x_wconf 87' lang='lat' dir='ltr'>in</span> <span class='ocrx_word' id='word_1_232' title='bbox 269 3600 324 3665; x_wconf 84' lang='lat' dir='ltr'>iue</span> <span class='ocrx_word' id='word_1_233' title='bbox 337 3604 454 3680; x_wconf 87' lang='lat' dir='ltr'>vocat;</span> <span class='ocrx_word' id='word_1_234' title='bbox 488 3603 606 3664; x_wconf 88' lang='lat' dir='ltr'>contra</span> <span class='ocrx_word' id='word_1_235' title='bbox 627 3599 826 3688; x_wconf 87' lang='lat' dir='ltr'>optimates,</span> <span class='ocrx_word' id='word_1_236' title='bbox 850 3596 1009 3687; x_wconf 87' lang='lat' dir='ltr'>quicquid</span> <span class='ocrx_word' id='word_1_237' title='bbox 1029 3606 1169 3671; x_wconf 81' lang='lat' dir='ltr'>senatus</span> 
     </span>
     <span class='ocr_line' id='line_1_33' title="bbox 84 3700 1168 3791; baseline -0.006 -14"><span class='ocrx_word' id='word_1_238' title='bbox 84 3706 288 3776; x_wconf 84' lang='lat' dir='ltr'>auctoritate</span> <span class='ocrx_word' id='word_1_239' title='bbox 317 3702 379 3768; x_wconf 91' lang='lat' dir='ltr'>illc</span> <span class='ocrx_word' id='word_1_240' title='bbox 402 3700 613 3791; x_wconf 85' lang='lat' dir='ltr'>intempore</span> <span class='ocrx_word' id='word_1_241' title='bbox 638 3703 794 3784; x_wconf 83' lang='lat' dir='ltr'>lecisset,</span> <span class='ocrx_word' id='word_1_242' title='bbox 829 3702 1033 3770; x_wconf 83' lang='lat' dir='ltr'>accusationi</span> <span class='ocrx_word' id='word_1_243' title='bbox 1055 3702 1168 3771; x_wconf 91' lang='lat' dir='ltr'>locum</span> 
     </span>
     <span class='ocr_line' id='line_1_34' title="bbox 81 3803 1226 3895; baseline -0.007 -12"><span class='ocrx_word' id='word_1_244' title='bbox 81 3834 159 3882; x_wconf 83' lang='lat' dir='ltr'>sess</span> <span class='ocrx_word' id='word_1_245' title='bbox 178 3811 314 3895; x_wconf 80' lang='lat' dir='ltr'>negant.</span> <span class='ocrx_word' id='word_1_246' title='bbox 357 3803 481 3893; x_wconf 83' lang='lat' dir='ltr'>Magna</span> <span class='ocrx_word' id='word_1_247' title='bbox 502 3806 662 3894; x_wconf 88' lang='lat' dir='ltr'>utrinque</span> <span class='ocrx_word' id='word_1_248' title='bbox 681 3807 893 3874; x_wconf 90' lang='lat' dir='ltr'>contentione</span> <span class='ocrx_word' id='word_1_249' title='bbox 911 3812 1081 3890; x_wconf 87' lang='lat' dir='ltr'>certatur,</span> <span class='ocrx_word' id='word_1_250' title='bbox 1107 3806 1169 3875; x_wconf 87' lang='lat' dir='ltr'>de-&#39;</span> <span class='ocrx_word' id='word_1_251' title='bbox 1221 3842 1226 3849; x_wconf 90' lang='lat'><strong>·</strong></span> 
     </span>
     <span class='ocr_line' id='line_1_35' title="bbox 80 3905 1165 4007; baseline -0.004 -24"><span class='ocrx_word' id='word_1_252' title='bbox 80 3905 184 4007; x_wconf 80' lang='lat' dir='ltr'>riiqne</span> <span class='ocrx_word' id='word_1_253' title='bbox 206 3913 335 3983; x_wconf 81' lang='lat' dir='ltr'>Caesar</span> <span class='ocrx_word' id='word_1_254' title='bbox 354 3911 503 3993; x_wconf 88' lang='lat' dir='ltr'>obtinet,</span> <span class='ocrx_word' id='word_1_255' title='bbox 538 3918 578 3977; x_wconf 88' lang='lat' dir='ltr'>ut</span> <span class='ocrx_word' id='word_1_256' title='bbox 606 3911 811 3982; x_wconf 85' lang='lat' dir='ltr'>iudicetur.</span> <span class='ocrx_word' id='word_1_257' title='bbox 842 3911 977 3980; x_wconf 86' lang='lat' dir='ltr'>Rursus</span> <span class='ocrx_word' id='word_1_258' title='bbox 999 3918 1165 3980; x_wconf 85' lang='lat' dir='ltr'>certaturn</span> 
     </span>
     <span class='ocr_line' id='line_1_36' title="bbox 59 4012 1167 4105; baseline -0.007 -15"><span class='ocrx_word' id='word_1_259' title='bbox 59 4054 67 4066; x_wconf 92' lang='lat'><strong>·</strong></span> <span class='ocrx_word' id='word_1_260' title='bbox 82 4024 137 4090; x_wconf 85' lang='lat' dir='ltr'>ost</span> <span class='ocrx_word' id='word_1_261' title='bbox 151 4018 194 4086; x_wconf 88' lang='lat' dir='ltr'>de</span> <span class='ocrx_word' id='word_1_262' title='bbox 207 4014 336 4084; x_wconf 87' lang='lat' dir='ltr'>actions</span> <span class='ocrx_word' id='word_1_263' title='bbox 349 4001 434 4084; x_wconf 79' lang='lat' dir='ltr'>etde</span> <span class='ocrx_word' id='word_1_264' title='bbox 448 4014 574 4084; x_wconf 87' lang='lat' dir='ltr'>iudicio</span> <span class='ocrx_word' id='word_1_265' title='bbox 575 4035 786 4105; x_wconf 86' lang='lat' dir='ltr'>,rursusque</span> <span class='ocrx_word' id='word_1_266' title='bbox 799 4012 987 4085; x_wconf 67' lang='lat' dir='ltr'>adversarii</span> <span class='ocrx_word' id='word_1_267' title='bbox 1002 4017 1167 4098; x_wconf 83' lang='lat' dir='ltr'>riserunt,</span> 
     </span>
     <span class='ocr_line' id='line_1_37' title="bbox 82 4117 1167 4250; baseline -0.006 -54"><span class='ocrx_word' id='word_1_268' title='bbox 82 4133 124 4196; x_wconf 90' lang='lat' dir='ltr'>nt</span> <span class='ocrx_word' id='word_1_269' title='bbox 135 4117 376 4218; x_wconf 88' lang='lat' dir='ltr'>perduellionis</span> <span class='ocrx_word' id='word_1_270' title='bbox 394 4143 430 4204; x_wconf 88' lang='lat' dir='ltr'>a</span> <span class='ocrx_word' id='word_1_271' title='bbox 436 4118 624 4192; x_wconf 81' lang='lat' dir='ltr'>duumviris</span> <span class='ocrx_word' id='word_1_272' title='bbox 638 4119 860 4192; x_wconf 87' lang='lat' dir='ltr'>indicaretur.</span> <span class='ocrx_word' id='word_1_273' title='bbox 902 4119 1086 4250; x_wconf 87' lang='lat' dir='ltr'>Duumvirl</span> <span class='ocrx_word' id='word_1_274' title='bbox 1099 4142 1167 4190; x_wconf 87' lang='lat' dir='ltr'>non</span> 
     </span>
    </p>
   </div>
   <div class='ocr_carea' id='block_1_3' title="bbox 0 0 1290 4688">
    <p class='ocr_par' dir='ltr' id='par_1_3' title="bbox 0 0 1290 4688">
     <span class='ocr_line' id='line_1_38' title="bbox 0 0 1290 4688; baseline 0 3"><span class='ocrx_word' id='word_1_275' title='bbox 0 0 1290 4688; x_wconf 95' lang='lat' dir='ltr'> </span> 
     </span>
    </p>
   </div>
  </div>
 </body>
</html>
