2572 4688
439 249 791 336 enarrarre.
980 240 993 262 '
1050 291 1169 347 unu

35 392 38 427 ,
1029 404 1030 411 ,

81 443 229 518 Gaesm
248 443 285 547 io
302 444 374 522 eati
388 443 567 537 ἐφημερίσι,
593 447 681 517 hune
693 447 795 519 'l'our-
809 452 847 534 l,
867 471 902 543 p.
916 451 963 524 9⁰
980 451 1093 534 Sehw.
1107 485 1166 534 aa·

81 548 154 618 dem
169 547 213 615 ab
232 544 349 615 eodem
364 550 401 618 ἐν
416 561 486 628 ταῖς
505 553 599 630 ἰδίαις
612 551 806 640 ἀναγραφαῖς
817 561 878 623 τῶν
891 557 1050 649 ἐφημέρων
1064 567 1166 655 ἔργων

84 655 207 745 seripta
229 651 358 719 dixisse
381 659 566 748 putamus,
587 654 619 722 si
637 662 748 722 tamen
762 658 899 746 propris
913 669 1056 753 uterque
1069 670 1164 739 loru.

84 765 136 826 tus
148 762 253 825 estet
265 777 332 824 uon
347 754 624 841 Commentarios,
645 758 708 825 sed
720 781 817 829 veras
830 762 1060 851 ephemerides
1075 769 1162 840 Cae·
1196 794 1200 801 ·

85 860 169 930 saris
187 859 225 928 in
244 861 356 929 animo
377 861 507 935 habuit.
550 860 592 930 ln
606 861 722 929 eadem
736 884 838 931 renea
855 864 1077 958 Symmachus
1097 885 1163 960 est,

85 986 154 1034 uum
170 963 284 1054 Epist.
301 967 340 1047 4,
361 967 405 1035 18
425 965 565 1034 eerihit:
592 965 779 1050 Ephemerr'e
796 968 831 1039 0.
847 969 994 1039 caesam
1007 988 1040 1039 te
1055 985 1163 1062 origi-

85 1093 155 1150 see,
180 1077 282 1144 ntur,
304 1089 431 1153 pugnae
451 1083 483 1134 et
504 1073 657 1154 quiaproid
670 1071 748 1154 fuit
763 1079 800 1137 ier
812 1072 1024 1163 moribuenut
1037 1083 1163 1165 legibus

71 1174 291 1252 heromo,
302 1173 440 1242 docebit.
483 1171 573 1240 Nam
586 1169 699 1237 diurni
714 1173 768 1241 illi
781 1175 853 1243 sive
868 1182 963 1245 aetus
982 1180 1053 1248 sive
1071 1206 1162 1252 eom-

87 1274 235 1365 nentarii
256 1272 415 1351 Caesaris
437 1296 605 1364 nunquam
622 1296 689 1341 nou
706 1275 806 1346 modo
830 1278 872 1346 ab
893 1279 1161 1375 ipsoseriptore,

87 1379 139 1447 sed
149 1378 181 1446 'o
202 1398 371 1466 quoquam
388 1380 534 1447 onmium
550 1379 678 1469 publiei
692 1378 777 1446 iuris
791 1381 873 1450 laeti
886 1383 1062 1472 videntur,
1083 1413 1161 1459 oum

50 1468 53 1477 ’
88 1500 183 1573 neque
207 1481 391 1549 Suetonius
409 1483 445 1549 in
465 1480 699 1574 enumerandis
716 1483 789 1550 eius
802 1486 960 1576 seriptis,
986 1478 1071 1576 quae
1085 1497 1184 1583 qut·¹

88 1585 152 1657 bem
165 1586 286 1653 relicta
302 1585 344 1649 ah
358 1606 398 1652 eo
412 1587 482 1652 sint
495 1589 548 1654 rel
561 1591 693 1652 exstent
705 1585 941 1672 vellerentur,
960 1595 1159 1668 mentionem

87 1688 329 1779 ephemeridum
349 1689 487 1772 feeerit,
513 1710 621 1776 neque
636 1690 723 1756 alius
739 1689 917 1776 quisquam
931 1704 1067 1780 praeter
1079 1699 1161 1768 Ser.

88 1796 165 1863 rium
187 1791 320 1881 aliquid
340 1814 381 1859 ex
399 1794 445 1866 iis
459 1793 636 1874 retulerit,
657 1790 748 1879 quod
760 1813 826 1860 non
842 1815 883 1860 ex
897 1794 1159 1874 Commentariis

88 1897 205 1965 normis
228 1897 283 1963 vel
301 1895 376 1983 pari
394 1898 447 1963 vel
467 1897 588 1964 maiori
606 1897 679 1962 iuro
693 1896 803 1983 repeti
817 1899 939 1984 possit.
983 1901 1053 1972 sed
1067 1907 1160 1978 uisas

87 2000 156 2068 illas
169 1999 214 2066 ab
227 2018 295 2065 uno
308 2000 455 2066 alterove
464 1998 622 2070 Caesaris
634 1998 850 2067 familiarium
863 2009 899 2069 et
910 2004 1160 2098 leotasqnoque

88 2099 177 2189 etune
191 2105 350 2188 excerpta
365 2101 463 2168 exiis
480 2104 655 2190 quaedam,
675 2101 794 2170 deinde
807 2124 876 2174 uua
888 2127 963 2173 eum
979 2111 1083 2180 fontis
1098 2109 1168 2182 nod

87 2207 164 2273 nine
178 2205 321 2272 aliorum
336 2204 370 2270 in
384 2204 493 2271 libros
507 2206 663 2275 tradueta
678 2227 755 2274 esse
768 2228 842 2273 eum
858 2228 921 2296 per
933 2232 971 2279 se
985 2214 1160 2301 credibile,

35 2310 37 2315 ’
86 2317 147 2378 tum
166 2331 224 2394 eo,
254 2306 344 2396 quod
361 2305 452 2396 apud
467 2304 622 2378 Servium
636 2316 766 2393 exstat,
787 2311 965 2399 probabile
979 2325 1044 2388 eet.
1087 2322 1159 2390 Ae-

86 2437 141 2502 que
162 2414 215 2481 ita
237 2412 313 2478 fieri
336 2411 465 2499 potuit,
490 2419 546 2493 ut,
574 2433 650 2480 enm
670 2412 900 2500 ephemerides
920 2437 986 2485 nou
1005 2424 1160 2492 eoluma
1188 2478 1190 2484 .

85 2518 224 2588 Caesare
245 2523 420 2596 exaratas,
449 2513 633 2581 sedetiam
655 2522 807 2585 versatas
826 2518 1036 2605 quorundam
1052 2526 1159 2594 hraui-

84 2622 148 2696 bne¹
169 2627 208 2688 et
230 2640 250 2686 a
276 2615 478 2707 quibusdam
504 2618 672 2684 adhibitae
700 2637 777 2685 esee
801 2627 989 2706 eouetaret,
1020 2635 1159 2715 praeter

83 2725 345 2796 Commentarios
364 2726 475 2787 auteur
493 2721 579 2788 nihil
601 2720 653 2788 eis
672 2721 784 2789 simile
803 2733 1018 2811 superesset,
1041 2751 1159 2799 earum

82 2851 196 2896 nomen
212 2825 259 2893 'ad
272 2827 336 2894 hos
348 2826 604 2907 transferretur,
624 2824 661 2891 id
674 2826 764 2913 quod
778 2848 798 2893 a
813 2823 999 2895 Plutarcho
1012 2836 1049 2897 e't
1059 2830 1159 2920 Sym·
1221 2902 1223 2905 ,

81 2934 192 3005 maeho
203 2930 330 2997 iactum
343 2927 495 3011 ridetur,
517 2927 668 3016 adeoque
677 2928 766 2996 libro
781 2935 900 2998 uetare
912 2927 955 2997 de
970 2931 1060 3001 hello
1076 2936 1159 3004 Gal-

80 3038 141 3105 lieo
159 3033 263 3124 qnasi
282 3031 491 3101 Iulianarum
504 3029 826 3100 Commentariorum
840 3041 993 3102 extremo
1008 3038 1159 3108 subseri·

79 3141 233 3221 beretur,
266 3135 545 3228 quemadmodum
564 3137 600 3204 in
624 3133 797 3202 eodieihus
817 3137 987 3203 nonnullis
1007 3139 1159 3210 subseri-

78 3253 169 3336 ptnm
191 3240 330 3328 legitur.
373 3240 427 3308 De
448 3241 598 3330 ipsorum
612 3238 937 3308 Commentariorum
958 3240 1026 3307 fide
1047 3252 1082 3311 et
1101 3258 1166 3313 ve-'

76 3349 177 3416 ritate
200 3368 242 3412 ex
263 3345 414 3412 moribus
436 3340 472 3410 et
490 3344 623 3430 iugenio
636 3344 813 3432 seripturis
827 3351 862 3409 et
876 3343 1059 3411 seeundum
1073 3350 1157 3416 seri-

75 3450 201 3551 ptionis
224 3447 371 3515 indolem
394 3446 444 3535 sie
467 3445 682 3514 statuendum
707 3446 858 3530 videtur,
891 3453 942 3521 ut,
952 3450 1100 3539 origines
1121 3442 1170 3520 et'

76 3556 233 3623 instituta
252 3554 475 3642 populorum,
500 3552 588 3618 situs
608 3551 758 3617 locorum
778 3559 814 3619 et
835 3550 909 3619 eius
929 3552 1061 3636 generis
1075 3554 1157 3621 reli·
1247 3621 1251 3628 ,

77 3680 140 3745 qua
164 3657 347 3742 diligenter
367 3660 403 3721 et
424 3673 502 3722 vers
519 3652 647 3721 tradita
668 3654 868 3737 habeamus,
896 3673 971 3721 uum
994 3656 1156 3744 pleraque

78 3783 212 3843 eorum,
231 3782 320 3849 quae
332 3760 406 3849 ipse
421 3757 567 3840 uiderat,
589 3764 658 3823 tarn
674 3764 830 3825 accurate
844 3764 1008 3845 tantaque
1024 3763 1158 3851 perspie

77 3866 203 3933 euitato
224 3864 379 3950 exposita
398 3861 468 3929 siut
475 3906 488 3937 ,
509 3865 549 3926 ut
565 3849 700 3927 fidelem
710 3861 860 3928 visorum
874 3865 1157 3949 repraesentatio-

78 3988 148 4033 nem
170 3967 273 4034 iaeile
290 3985 468 4051 agarenae,
496 3984 536 4029 ea
551 3985 649 4045 vero,
670 3985 757 4050 quae
777 3964 1086 4054 percontationibus
1101 3987 1157 4033 ue-

79 4079 173 4162 repta
202 4071 330 4154 reiert,
363 4089 438 4138 eum
458 4067 578 4168 ‘ipsius
602 4068 752 4145 acumine
777 4067 924 4159 ingenii,
950 4075 1023 4137 tum
1043 4069 1157 4138 Taeiti

935 4193 955 4241 ο
1003 4214 1007 4224 «
