2572 4688
388 255 588 347 suumn.
630 252 831 337 cur...1t
879 332 882 337 ,
947 278 950 283 ·
1004 235 1018 326 ’.
1081 258 1153 337 2⁵⁵

65 459 139 520 tum
152 446 488 541 uenturiouibusque,
509 447 633 537 quihus
647 445 808 539 singulte..
812 448 1037 525 ruretenent.
1049 448 1152 517 attri-

64 541 192 617 butes,
215 535 409 623 constabat,
431 535 516 626 quid
535 542 688 622 agerent,
713 539 775 600 out
793 554 893 619 quant
908 534 1071 603 rationem
1085 557 1150 625 pu·

64 650 151 716 gneo
171 627 382 697 insisterent.
441 625 570 693 Rostro
590 622 677 691 enirn
695 621 811 703 nostri
831 643 897 701 non
911 644 1011 709 posse
1028 622 1195 710 cogno-t

65 721 206 801 verent3
232 712 387 781 turribus
400 721 514 780 autem
533 710 688 779 excitetis
702 717 814 777 tanen
827 709 889 777 has
898 709 1047 779 ultitndo
1062 735 1151 804 pup-

98 876 188 926 detur.
221 868 333 924 uniunt
349 868 420 922 eninr
444 873 472 922 et
496 868 684 935 centuriones,
708 864 804 932 quibus
821 865 946 934 singulte
963 869 1151 923 nuvesuttri-
1224 862 1228 871 ’

99 945 185 995 tutae
201 945 311 1005 essent,
332 954 401 1005 ques
419 943 456 992 ad
472 941 548 1007 Bruti
562 939 703 1003 imperium
722 941 864 1005 regerent,
889 952 976 1003 neque
994 943 1153 1003 exspectari

98 1024 189 1077 neque
211 1010 342 1075 postulari
365 1013 473 1072 poterut
495 1017 525 1060 ut
547 1009 663 1072 seirent,
688 1019 740 1070 qus
757 1008 863 1058 ratione
879 1010 1010 1071 proelium
1027 1011 1151 1063 conmit-

98 1084 210 1134 tendum
228 1087 313 1149 esset.
347 1077 405 1131 Hos
421 1079 505 1144 igitur
519 1090 662 1141 eorumque
675 1076 854 1141 ignorantiam
868 1081 1078 1129 consentaneum
1092 1087 1154 1133 eret

99 1163 155 1202 non
179 1149 287 1201 eodem'
300 1149 381 1210 etque
404 1150 515 1199 Brutum
539 1156 567 1197 et
590 1145 667 1197 Bruti
690 1145 894 1209 trepidationem
919 1159 1029 1198 numero
1045 1149 1153 1216 hateri,

100 1220 173 1283 quod
190 1218 250 1269 tisri
267 1216 422 1284 videretur,
449 1218 473 1266 si
490 1228 583 1283 neque
600 1217 647 1266 vel
663 1216 716 1265 out
732 1215 848 1276 positum
862 1225 946 1266 esset.
973 1219 1066 1281 neque
1081 1229 1153 1269 vero

99 1287 212 1338 silentio
230 1298 278 1340 eos
295 1285 475 1349 praetermitti
492 1301 542 1349 per
560 1293 635 1349 eret,
660 1286 721 1334 sive
741 1286 811 1349 quod
827 1285 863 1335 ed
880 1285 1021 1337 consilium
1038 1285 1153 1338 ‘adhibiti

100 1368 119 1410 a
141 1358 226 1408 Bruto
247 1355 380 1420 inissent,
406 1356 466 1404 sive
484 1356 552 1418 quod
570 1355 702 1404 interdum
720 1352 766 1418 tit,
788 1356 819 1404 ut
835 1367 905 1403 uuus
924 1366 959 1404 ex
975 1354 1151 1407 interioribus

100 1425 251 1488 praefectis
273 1425 368 1474 rideat
391 1423 510 1490 aliquid,
540 1426 609 1486 quod
631 1422 821 1485 imperatorem
845 1423 941 1486 fugiat.
983 1424 1079 1488 ltaque
1103 1427 1153 1477 eet

99 1494 272 1558 aptissimum
292 1500 367 1557 eret,
389 1495 481 1556 utpote
499 1504 551 1543 non
568 1492 769 1556 necessariam,
795 1492 844 1541 sed
860 1492 1031 1542 attriti-ariam
1045 1493 1168 1544 disiun-'

100 1565 219 1613 ctionem
239 1561 381 1626 iudicans,
408 1575 487 1626 quam
503 1560 668 1611 Germanice
685 1560 725 1609 ita
742 1560 882 1610 enunties:
906 1561 960 1616 ttttb
977 1557 1046 1627 sicut
1062 1560 1151 1630 mittit

99 1628 212 1691 drutus
231 1628 401 1694 obet'ood)
419 1627 490 1685 eiust
507 1629 550 1683 ter
567 1625 834 1694 interseruisse.

133 1714 216 1767 quem
232 1702 364 1763 rationem
381 1714 486 1765 pugnae
503 1700 673 1758 insisterent]
696 1700 780 1763 Bong.
796 1701 830 1748 A.
843 1699 927 1749 Voss.
943 1702 978 1751 A.
997 1701 1058 1753 Pet.
1072 1702 1152 1766 ligre.

99 1783 157 1821 seo.
183 1770 252 1822 oud.
268 1771 349 1821 Vrat.
373 1772 407 1818 Α.
426 1770 509 1821 Vind.
533 1772 568 1820 A.
586 1769 632 1820 Gr.
650 1767 693 1819 ab.
712 1770 750 1817 st.
768 1770 844 1818 Turn.
862 1769 939 1831 Lips.
958 1771 986 1820 et
1003 1783 1061 1835 sqq.
1092 1784 1155 1836 qua

99 1840 218 1891 ratione
239 1852 269 1903 p.
294 1838 314 1893 i.
340 1872 357 1904 „
366 1839 441 1889 MSS.
466 1839 589 1900 plerique
613 1840 641 1889 et
666 1837 733 1885 redd.
749 1833 856 1886 Vett.“
879 1839 938 1887 cod.
962 1840 1055 1891 Breut.
1075 1841 1152 1892 (tott.

99 1910 170 1960 Lov.
193 1921 251 1958 sec.
272 1906 355 1957 Febr.
378 1907 463 1969 Botrg.
482 1906 514 1957 c.
532 1908 592 1957 Pal.
611 1903 770 1955 iesconi.
789 1904 867 1956 Gerr.
884 1908 942 1956 eod.
962 1910 1041 1959 Turn.
1061 1908 1110 1961 Dr.
1127 1909 1153 1960 B

99 1986 145 2043 et,
172 1978 218 2040 qni
241 1975 412 2028 institerent
436 1977 532 2040 trahet,
561 1977 595 2024 A.
612 1977 691 2025 Vrat.
708 1972 762 2025 BC.
780 1974 859 2025 Goth.
876 1977 932 2026 AB.
951 1976 1034 2029 vind.
1053 1978 1151 2031 CDFI.

97 2046 199 2098 Humi.
222 2047 283 2096 edd.
309 2053 372 2094 ente
396 2045 443 2093 Gr.
469 2057 488 2095 e
505 2054 532 2094 et
548 2045 579 2095 P.
597 2046 669 2094 Meu.
685 2043 748 2091 Atd.
767 2056 844 2107 uep,
869 2044 1011 2108 quodnisi
1028 2042 1155 2102 codicum

98 2128 188 2167 oense
210 2125 264 2163 non
287 2122 348 2166 erat
369 2113 573 2175 repudiandum.
606 2113 643 2162 1η
664 2111 766 2163 betium
788 2111 926 2165 insistere
947 2114 1016 2182 o,.⁵
1039 2116 1152 2191 legitur,

98 2197 152 2236 neo
169 2183 276 2234 dubium
293 2191 351 2248 est,
375 2183 439 2244 quin
455 2183 558 2234 oodoni
574 2181 650 2232 reive
673 2182 782 2232 futurae
806 2180 909 2245 pariter
931 2185 1013 2247 etque
1035 2185 1064 2235 iu
1087 2198 1153 2241 sem

98 2252 230 2305 insistere
255 2250 309 2302 dici
329 2251 416 2313 possit
433 2252 478 2315 qui
500 2251 527 2302 ei
550 2251 666 2303 animum
685 2249 824 2312 applicare
840 2262 1002 2316 operumque
1019 2255 1086 2306 dere
1104 2255 1152 2307 in·

99 2321 184 2385 oepit.
218 2322 272 2370 Sed
295 2333 350 2371 nou
374 2319 463 2371 minus
488 2327 564 2371 recte
587 2332 617 2369 se
641 2320 722 2370 habet
739 2318 872 2389 vulgetis,¹
892 2319 920 2371 in
938 2334 994 2386 que
1009 2322 1153 2377 insistere

59 2441 63 2450 ,
97 2387 276 2443 transitivum
305 2397 333 2438 et
363 2398 393 2439 ut
422 2387 635 2452 significatione,
664 2387 704 2440 itu
727 2387 928 2443 construetione
950 2390 1041 2444 simile
1064 2394 1154 2448 verto

97 2460 177 2512 intre
192 2466 245 2511 est.
276 2459 410 2521 Exemplo
425 2459 593 2521 collegerunt
609 2458 683 2511 Dav.
700 2459 728 2506 et
744 2455 814 2508 oud.

117 2595 147 2658 S.
164 2593 192 2647 t.
231 2593 430 2661 cognoverant]
454 2591 584 2645 sincerus
628 2603 680 2656 que
701 2587 742 2642 sio
760 2591 850 2655 potins
870 2594 1063 2651 deuteromium
1073 2608 1157 2661 errtt,

63 2665 263 2730 interpretetur
291 2660 326 2728 tie
356 2662 448 2728 trotteo
477 2655 586 2728 stipium
628 2670 718 2740 reform
741 2659 802 2715 obet
825 2660 887 2727 uoci
912 2656 1032 2730 stirme
1059 2667 1153 2735 ouium

65 2748 148 2802 quarn
165 2735 389 2799 significationem
405 2732 519 2782 verbum
536 2744 587 2782 co·
629 2727 712 2794 fubri.
749 2730 824 2791 Quod
843 2740 933 2786 autem
949 2736 1083 2789 turritos
1094 2752 1154 2791 eot-

65 2804 279 2881 pmoseereinisi
299 2805 334 2853 ad
353 2815 410 2853 rem
424 2801 526 2853 tactam
540 2810 587 2851 ro·¹
630 2799 729 2850 citatis
748 2799 800 2852 Itos
821 2801 912 2852 dicere
932 2805 1042 2869 metuit,
1068 2821 1153 2872 quern

64 2879 155 2928 laturo
167 2884 219 2925 non
232 2873 322 2925 habet.
355 2871 450 2922 Potius
464 2872 588 2922 stutuen·
631 2870 735 2920 turres
754 2869 919 2939 excitatas,
940 2873 1101 2927 factumest
1115 2877 1153 2929 ob

64 2947 131 3001 dum
149 2950 193 2994 est
210 2941 353 2995 nonnullos
370 2952 457 2992 noves
475 2938 532 3005 ita,
556 2938 588 2988 ut
629 2936 673 2989 rei
699 2939 879 3006 gravitatem,
916 2952 986 3003 quae
1013 2943 1153 2997 excitam

64 3013 218 3077 venerunt,
242 3022 404 3074 congressas
421 3021 483 3069 enm
497 3006 587 3058 Gallis
631 3019 693 3056 esre
713 3015 805 3059 turres
824 3022 874 3072 per
894 3022 926 3060 so
944 3010 1008 3073 poni
1026 3017 1153 3077 postula-

66 3085 97 3135 et
122 3090 215 3133 rostra
240 3077 346 3129 inutilla
364 3080 492 3143 expertas
514 3088 587 3126 esse.
629 3077 687 3140 bet,
703 3077 860 3141 priusquam
872 3080 1070 3148 ostenderetur,
1085 3084 1154 3150 qnid

64 3151 139 3203 Vide
161 3160 231 3215 quse
254 3149 288 3201 ad
309 3149 395 3197 verta
413 3148 588 3212 euspectan-
631 3146 765 3196 excitatae
779 3158 880 3207 passae
893 3157 996 3198 esseut.
1023 3151 1155 3205 (ieter-mn

64 3222 136 3275 dam
147 3221 268 3269 classem
281 3215 483 3279 adscripsimus.
630 3216 667 3264 ct.
683 3214 715 3279 5,
733 3212 769 3264 40
787 3216 894 3277 ,torres
906 3216 1059 3271 admodum
1075 3235 1153 3275 cxx.

120 3288 246 3355 turritus
261 3294 350 3338 eutem
370 3285 511 3343 excitetis]
544 3284 587 3333 Ne
630 3283 973 3338 emeituutorineredioiti
986 3291 1153 3343 eeleritate.

65 3360 119 3410 hoe
138 3355 245 3422 quidem
264 3364 339 3407 reete
353 3355 475 3405 declaret
493 3353 589 3402 Since·
630 3352 663 3418 8,
681 3355 698 3402 9
722 3353 849 3416 imperat
862 3382 895 3394 -
910 3357 1008 3409 torris
1021 3360 1155 3413 erotem

65 3439 135 3480 rus:
152 3434 229 3479 toton
241 3418 274 3487 tte
284 3420 412 3488 oberati)
420 3415 588 3493 tctousstptirt
630 3421 749 3472 crebras
759 3423 793 3473 in
801 3423 985 3476 altitudinem
996 3429 1090 3481 trium
1102 3432 1154 3482 to·

67 3508 112 3551 me
132 3487 225 3558 tritten
245 3492 377 3556 outboueo
402 3490 504 3547 totitem
545 3493 588 3541 Re
629 3491 802 3543 solutorum.
844 3491 1039 3561 Liv.ts,1s
1066 3501 1155 3562 poet-

65 3577 139 3617 vere
150 3565 284 3613 excitatas
297 3564 325 3613 in
338 3570 415 3626 perte
427 3564 523 3627 saitem
536 3571 587 3611 ua·
631 3573 717 3627 quum
734 3562 835 3611 uineas
849 3563 899 3628 opi
919 3564 1077 3632 torresque
1096 3580 1155 3621 em·

66 3634 145 3685 vium
166 3640 257 3682 turres
279 3632 365 3683 tuisse
383 3630 524 3693 sequentia
538 3631 587 3679 do-
630 3631 721 3681 cituri
732 3630 881 3682 uiderunt.
902 3631 977 3691 curt
990 3637 1032 3685 ed.
1043 3639 1154 3700 zumpt.

66 3704 149 3766 oent,
172 3712 243 3765 quse
264 3714 342 3750 usum
355 3713 448 3752 eurum
462 3699 588 3762 exiguum
630 3696 664 3762 t,
690 3701 724 3749 13
746 3700 850 3750 turres
868 3699 900 3751 in
918 3702 1013 3755 medio
1035 3706 1155 3759 sumta-

66 3770 116 3838 qui
127 3778 219 3835 esset,
242 3781 295 3820 non
309 3768 355 3832 qui
368 3782 431 3819 esse
443 3768 588 3834 potuisset,
630 3770 689 3819 tue.
712 3781 781 3830 quae
799 3769 890 3821 omnis
910 3770 990 3835 louge
1009 3784 1029 3824 u
1043 3775 1154 3838 poetice

67 3844 268 3894 demonstrant:
297 3836 350 3890 dos
371 3837 495 3889 ottttodo
511 3849 588 3903 pup—
630 3836 748 3888 diutione
778 3846 884 3891 remoto
910 3841 992 3892 verti
1015 3845 1154 3897 essitare

65 3907 332 3977 piumsoperutut,
347 3910 546 3972 tot—possent
558 3907 589 3958 et
630 3905 768 3969 proprium
790 3915 819 3956 et
837 3908 982 3972 vulgarem
1000 3909 1029 3962 in
1048 3912 1092 3963 tris
1105 3915 1155 3965 is-

67 3978 288 4031 -oeeiderent
321 3977 379 4026 Neo
393 3976 451 4029 siue
465 3977 588 4028 turribus
630 3973 708 4027 irritis
726 3973 796 4026 ortis
813 3976 943 4039 operibus
958 3994 1039 4033 usum
1062 3982 1155 4039 tuisu

65 4042 588 4101 videnturitomeniiunesetantemnus
630 4045 784 4096 ostendunt.
824 4047 868 4097 lix
893 4055 973 4110 perte
998 4049 1089 4107 unire
1107 4057 1155 4104 ese

68 4118 213 4173 Gallorum
224 4113 500 4181 ettingeuepotutsse.
527 4115 588 4169 ltu·
629 4113 800 4181 exprimere
813 4114 850 4183 7,
865 4116 909 4168 22.
947 4176 950 4181 ¹
1042 4170 1047 4181 ,
1095 4154 1098 4161 .
