2572 4688
120 261 192 347 no
390 253 957 389 enumeraturus)

82 462 97 519 ῐ
124 447 169 517 ilo
183 446 336 517 Rhenum
352 451 618 536 transportaret:
646 443 683 515 id
696 444 765 517 albi
793 444 852 536 ad]
867 446 1030 517 auxilium
1046 466 1207 539 opemque

78 538 103 601 7
123 534 248 625 aliqui
261 537 425 624 temporie
440 535 526 603 ontio
539 535 703 606 interum.
801 549 916 603 autum
929 557 1008 604 eane
1018 557 1142 604 nomon
1155 547 1206 603 at-

19 670 24 689 ,
122 645 189 713 que
210 622 401 709 opinionem
421 623 496 689 eiua
514 621 685 691 exercituo
699 620 877 700 Ariovieto
915 626 994 691 aleo
1012 631 1049 690 et
1062 624 1127 691 boo
1147 645 1207 691 no·

84 734 99 743 ··
121 710 263 779 vieeimo
279 709 412 801 proelio
431 710 524 776 iacto
544 708 648 775 etiarn
669 707 713 775 ad
732 710 871 777 ultimae
938 731 1133 778 amatorum
1148 733 1207 778 na·

122 799 254 879 tiooee,
279 797 333 865 uti
352 819 372 863 o
394 797 508 875 ¹iniona
525 803 561 864 et
582 796 731 863 amicitia
751 798 871 902 populi
884 797 1031 871 Rotnani
1043 798 1114 866 tuti
1129 820 1205 867 enee

79 882 102 947 8
122 885 266 976 poeaint.
340 818 487 950 bivium
508 904 661 969 magnoin
684 904 816 973 copram
840 882 885 951 ad
905 885 1205 973 transportandum

121 973 309 1045 exercitum·
331 971 592 1059 pollicebantur.
683 974 738 1040 rt.
773 970 905 1053 Caesar
926 973 980 1040 bie
1004 971 1048 1042 de
1080 975 1203 1058 causis,

119 1056 827 1235 libbiiiziiziilbiiiffl
839 1059 1205 1239 bilibri&

144 1328 201 1378 tro
222 1321 441 1376 commodissime
462 1329 507 1373 ent
529 1316 665 1387 scaligeri
688 1319 771 1375 lectio
792 1321 827 1375 eb
851 1322 941 1376 eltero
962 1322 1091 1377 codicum
1107 1337 1205 1391 genera

154 1396 286 1459 unam,
308 1406 377 1458 quac
392 1391 542 1457 genitivum
558 1394 639 1445 hebet
655 1390 756 1443 obiecti
772 1404 823 1442 eeu
839 1390 883 1444 rei
898 1393 934 1443 ab
950 1402 1089 1459 occupeto
1104 1407 1202 1459 gerru·

154 1466 208 1516 dea
232 1463 278 1515 vel
301 1462 548 1525 administrandae,
575 1472 631 1525 quc
647 1459 846 1524 aigultlootione
862 1472 888 1513 o.
901 1465 937 1515 22
954 1460 1013 1522 5.2
1030 1462 1087 1515 boe
1104 1466 1204 1517 torto-

151 1536 253 1586 iorom
269 1544 372 1583 rernm
387 1531 588 1594 occupationes
606 1528 660 1583 dici
676 1530 809 1581 videmus.
976 1554 979 1561 ·

190 1602 253 1663 [ad]
268 1600 399 1653 nutilium
411 1600 553 1664 spemque]
566 1597 797 1663 Praepositionam
808 1595 933 1652 emittunt
946 1599 1050 1665 „MSS¹
1058 1600 1181 1667 plerique
1186 1596 1203 1632 “

155 1671 244 1737 ,Pet
268 1671 353 1721 vose.
375 1672 411 1720 Α.
435 1666 508 1720 Gott.
532 1680 551 1721 a
573 1669 695 1718 eeonuda
716 1682 807 1723 menn.
830 1669 906 1732 ligur.
928 1669 976 1719 [ὼ.
1000 1666 1101 1723 Lov.“
1125 1672 1202 1723 unior.

125 1734 128 1739 ·
156 1704 236 1791 tarr.
260 1738 343 1802 noug.
360 1740 394 1788 a.
418 1736 465 1788 nr.
485 1736 543 1787 ae.
558 1736 638 1787 vrao.
655 1736 733 1788 nnc.
759 1738 839 1789 onon.
853 1738 910 1788 ne.
933 1738 1017 1791 vna.
1041 1738 1201 1791 acconen

152 1808 254 1862 Bemb.
270 1809 332 1857 edd.
348 1815 412 1859 aute
430 1806 545 1873 Aldnm,
566 1806 613 1867 qui
629 1817 683 1857 nou
698 1819 780 1859 aeone
794 1820 810 1859 a
823 1806 981 1858 coniectura
994 1808 1135 1861 tddliieea
1147 1823 1201 1861 eam

123 1902 138 1939 ,·
154 1877 266 1941 ridetur
280 1889 316 1928 eo
332 1888 429 1927 monne
443 1876 562 1926 mounda
574 1877 603 1925 iu
617 1872 692 1935 (leit.
707 1874 748 1935 ini
761 1885 852 1928 teman
864 1887 900 1928 ea
912 1878 1049 1930 vetuerint
1062 1884 1107 1929 eet
1122 1879 1201 1939 Aldo)

133 1986 136 1993 .
154 1942 189 1997 et'
201 1945 331 1997 librerias
349 1946 376 1995 in
394 1944 464 2009 Gn,
488 1957 522 1993 ex
539 1955 590 2007 qno
607 1944 767 2006 discrepem
784 1945 819 1997 ab
835 1944 906 1995 Aldo
924 1944 992 1996 nibil
1007 1948 1034 1997 ia.
1049 1947 1070 1999 1.
1083 1947 1200 2000 aterne

154 2015 209 2066 Sed
227 2013 275 2064 vix
290 2010 409 2065 inveniri
426 2012 525 2074 poterit
541 2013 610 2074 quoi
627 2012 793 2075 probabilius
811 2014 856 2065 ait.
889 2012 934 2065 ci.
947 2010 983 2081 7,
1000 2016 1038 2065 bb
1054 2015 1088 2067 id
1102 2015 1156 2068 eibi
1166 2016 1200 2069 od

68 2106 69 2111 κ
123 2140 128 2145 ,
153 2084 339 2149 procreantem
361 2081 543 2132 obtinendam
562 2082 727 2135 libertatem
748 2081 823 2134 tatia
844 2094 925 2134 teret
948 2084 989 2135 od
1003 2084 1116 2152 ratmot
1132 2089 1200 2139 tere·

151 2152 238 2217 porte
252 2164 352 2217 pacem
368 2152 456 2216 atque
472 2151 563 2201 otium
577 2162 685 2216 parone
697 2150 812 2218 probri.
847 2150 908 2204 civ.
921 2152 957 2219 t,
973 2154 1009 2205 22
1032 2153 1116 2207 teter
1132 2156 1199 2208 door

152 2221 233 2273 ecies
249 2222 366 2271 tantem
379 2220 448 2271 crat
464 2219 600 2271 relictum
614 2220 722 2287 epotii,
743 2223 779 2274 ot
794 2221 869 2272 cotia
883 2222 960 2273 erret
974 2222 1198 2276 odeooeomn

153 2289 309 2355 ntrioepae
325 2286 485 2341 exerebat.
520 2288 597 2349 Quod
609 2289 677 2341 (lud.
689 2290 829 2358 proponit,
846 2289 953 2342 mitit
965 2288 997 2342 in
1009 2304 1104 2359 rpem,
1122 2305 1197 2357 praa-

154 2358 240 2408 eentie
264 2357 324 2421 opio
347 2354 589 2423 significationem,
619 2370 699 2422 qaam
717 2359 798 2411 babet
812 2359 972 2424 cucumae,
996 2362 1045 2413 vel
1068 2363 1142 2415 tollit
1158 2363 1198 2413 vol

121 2486 127 2497 ‚
153 2426 298 2493 opprimit,
320 2440 408 2494 neqpe
425 2424 456 2476 io
474 2426 700 2494 praepositionis,
726 2441 805 2492 quem
821 2428 922 2495 infert,
943 2441 997 2481 neu
1013 2440 1103 2496 neque
1116 2441 1198 2483 matt-

152 2496 236 2547 tiouie
254 2496 366 2549 lenitate
383 2494 591 2548 commentetur.
626 2498 722 2563 ltaque
738 2496 778 2549 ad
794 2496 980 2566 retinendum,
1003 2501 1055 2551 eod
1073 2491 1139 2565 quie
1155 2513 1197 2556 m-

152 2566 243 2618 dicum
262 2565 424 2618 anctoritate
442 2573 534 2630 caret,
557 2566 702 2618 notandum
719 2564 824 2628 putavi.

121 2684 124 2689 .
188 2633 271 2696 entis]
299 2645 350 2686 orn.
371 2636 441 2687 nov.
464 2635 548 2686 born.
571 2634 649 2686 Leid.
666 2634 696 2682 Β.
719 2636 772 2687 lib.
796 2634 844 2685 Dr.
862 2633 895 2686 ti.
919 2634 1001 2688 Vrot.
1018 2634 1053 2689 (i.
1076 2637 1157 2690 Goth.
1170 2636 1196 2688 a.

151 2703 251 2756 liano.
276 2702 358 2757 vini·
375 2702 454 2755 Diti.
478 2704 537 2754 edd.
555 2704 619 2756 nuto
636 2704 709 2758 ven.
727 2703 750 2759 t.
778 2703 811 2756 ld
827 2703 1067 2770 praetermieeiaua
1084 2718 1197 2774 preopa-

152 2772 262 2827 ettiouir
277 2773 318 2825 od
334 2773 437 2823 lectum
453 2772 571 2824 videtur.

186 2843 322 2903 saturnin]
346 2841 498 2909 sactorum
514 2843 561 2894 Dr.
578 2844 613 2893 A.

187 2911 254 2975 cap.
268 2914 312 2965 17.
336 2910 363 2972 S.
377 2915 402 2980 1„
436 2907 659 2973 commemoravi]
685 2907 971 2965 commemoravimue
991 2910 1041 2964 Dr.
1058 2911 1091 2964 B.
1108 2911 1199 2965 nent

153 2981 312 3032 memorari
329 2980 410 3032 vind.
426 2982 462 3033 D.
486 2981 528 3032 cr.
547 2981 608 3032 ndu.
627 2992 666 3032 cr.
685 2980 722 3032 ed
738 2983 814 3033 o.1o
831 2979 858 3041 s.
871 2982 898 3029 2.

187 3054 273 3101 tntum
290 3053 366 3112 eene]
394 3049 426 3100 ln
444 3050 522 3102 Leid.
538 3050 573 3103 Α.
590 3049 671 3100 Vrat.
685 3050 721 3102 A.
738 3061 805 3102 eoae
822 3049 951 3101 amineum
969 3050 1030 3116 eet,
1050 3051 1124 3114 quoi
1138 3048 1198 3101 vol·

151 3117 187 3170 do
199 3118 350 3185 probabile
368 3114 491 3173 ¹videtur.
525 3117 568 3173 ct.
581 3123 614 3187 2,
632 3118 668 3171 28
684 3115 741 3182 SA
765 3130 830 3172 eom
846 3117 1005 3171 victoriaco
1021 3118 1097 3171 nibil
1113 3120 1199 3185 teopo-

975 3218 989 3249 0

167 3283 195 3347 8·
217 3287 245 3343 7.
280 3285 425 3352 opinione]
449 3297 529 3351 quam
558 3287 638 3340 modo
679 3284 857 3352 videbantur,
879 3286 957 3339 modo
971 3281 1095 3338 amicitie
1112 3284 1201 3351 populi

118 3356 232 3409 roceam
257 3368 321 3413 eaeo
347 3356 435 3409 etiam
460 3358 499 3408 od
518 3358 637 3408 ultimae
680 3356 795 3409 Romani
808 3357 965 3419 accederet,
982 3366 1062 3416 quum
1075 3358 1198 3411 deome-

117 3424 331 3478 Germanorum
349 3428 481 3478 notiooee
507 3428 637 3478 ostende·
679 3433 758 3476 turne
772 3434 847 3476 eenet
858 3423 1122 3485 exereitueltomeni
1135 3424 1200 3478 enti·

29 3544 32 3549 .
116 3501 191 3547 runo
218 3496 300 3546 -ltom
314 3509 364 3558 per
377 3508 409 3546 ee
423 3496 512 3558 potine
536 3498 566 3546 ut
580 3494 637 3555 §.ii
680 3506 730 3544 cue
743 3496 886 3546 adventuo.
903 3492 1032 3545 Ceterum
1045 3495 1116 3545 benc
1132 3493 1199 3547 vni-

117 3562 276 3629 aatutlium,
295 3573 323 3615 et
342 3577 411 3628 quoe
430 3566 458 3614 in
472 3566 534 3614 adu.
549 3579 587 3618 cr.
601 3564 638 3615 ad
679 3573 756 3614 orum
777 3564 1006 3626 praedicationem
1032 3574 1088 3613 non
1106 3574 1199 3614 verum

117 3637 146 3699 2,
171 3630 207 3684 34
227 3641 295 3683 extr.
317 3633 487 3699 significavi,
516 3634 556 3684 ite
574 3633 637 3698 opt-
679 3632 767 3682 inisse
779 3635 827 3683 vel
842 3633 1056 3697 Sugambrorum
1067 3643 1199 3695 reaponee

116 3698 202 3754 aiom
221 3702 337 3770 dictum,
361 3714 442 3767 quam
462 3714 523 3753 cum
536 3698 636 3766 populi
676 3700 783 3754 docent.

116 3768 242 3823 Romani
256 3772 465 3833 coniungendam
479 3771 596 3839 videtur,
607 3778 635 3819 eo
729 3769 852 3834 Gop.17.
869 3767 897 3830 S.
912 3773 937 3821 1.
962 3782 1050 3834 nequo
1070 3768 1142 3823 nette
1156 3776 1198 3819 tn-

115 3830 158 3889 ltu
180 3839 434 3907 interpretandum,
452 3846 483 3893 ut
502 3843 564 3906 o,1
595 3838 635 3891 od
677 3841 747 3900 tum]
777 3838 968 3904 „Singillatim
996 3838 1117 3890 navibus
1140 3849 1198 3888 cum

114 3905 278 3971 opinionem
296 3909 416 3964 dauwe.
472 3909 551 3960 Aliae
574 3910 636 3960 sole
676 3907 827 3974 transitur,
858 3911 885 3959 et
904 3908 990 3959 nostis
1008 3909 1095 3961 facila
1114 3908 1198 3972 impa-

114 3975 239 4038 opinioue
256 3979 344 4029 tutela
362 3977 498 4040 praestet-i
515 3990 569 4029 non
587 3989 635 4027 eo·
677 3977 734 4028 diat
747 3986 795 4028 aut
807 3986 911 4039 partem
925 3976 1061 4046 excipiat,
1086 3990 1137 4029 nec
1154 3975 1196 4025 ii,

114 4044 171 4113 lot,
187 4059 284 4098 verum
296 4046 397 4099 auxilio
412 4049 440 4097 et
459 4047 544 4097 armis
566 4059 635 4108 opue
676 4046 808 4110 gnitntem
829 4047 913 4096 etiam
931 4047 1029 4113 habet,
1054 4046 1119 4110 quie
1136 4046 1195 4097 iar·

113 4116 175 4180 oet}
197 4123 226 4170 et
240 4116 267 4168 bi
288 4115 413 4181 opnione
433 4116 486 4168 eibi
503 4112 556 4170 tuti
573 4118 635 4169 iore
677 4115 724 4168 tim
743 4117 857 4168 etaiam
870 4115 930 4167 iore
944 4112 1117 4169 tremitur.“
1148 4113 1196 4167 ld·
