2572 4688
424 244 771 369 nonnosum.
822 312 831 338 ,
991 268 1004 348 1
1035 202 1142 321 'mn
1231 268 1236 285 ·

49 441 132 535 pris
154 437 277 522 habet,
309 436 406 523 ro..
437 438 542 507 tortio
566 434 671 507 Viod.
692 432 765 505 CF.
783 430 882 500 Loid.
902 429 947 503 B.
967 432 1073 514 Goth.
1093 439 1145 513 A.
1211 476 1214 483 ·

50 548 166 632 Bong.
188 543 229 613 G.
248 541 355 626 Reg..
377 549 500 631 quarto
519 539 625 609 Vind.
644 539 674 607 Ι.
694 537 790 608 Duk.
811 537 929 619 cars,
958 542 1077 628 quinto
1095 541 1147 615 N.

53 652 135 723 Pol.
149 649 253 723 Goth,
265 647 314 721 B..
323 643 425 715 Vret.
439 643 479 714 C.
496 645 605 717 Doro.
620 642 725 714 Vind.
737 643 785 711 D.
799 650 978 733 pmrontnr.
1021 645 1076 714 De
1091 668 1149 714 ro·

53 754 185 844 liquis,
212 753 273 840 qui
293 771 412 839 porum
434 749 507 815 noti
527 754 626 832 sunt,
661 768 703 814 oo
723 748 834 814 minus
853 749 944 815 eonti-
964 752 1146 838 quioqosm
1188 792 1191 799 ·

54 857 279 952 pronuntiare
294 873 492 941 possumus,
514 874 581 938 quo
596 853 701 938 magis
715 853 790 940 ipso
802 874 924 937 genero
937 852 972 919 in
988 855 1147 946 partibus

55 960 220 1029 extremis
244 958 416 1047 implicari
438 956 586 1027 interos
611 965 646 1023 et
672 957 763 1022 eoiro
787 956 951 1026 videmus.
1002 956 1148 1026 collatis

58 1074 174 1133 sutem
197 1063 377 1150 utriusque
397 1061 532 1148 generis
552 1059 760 1148 primoribus
778 1059 873 1130 And.
896 1061 962 1129 Ox.
985 1066 1020 1126 ot
1039 1058 1147 1132 Vind.

33 1240 35 1245 Α
57 1171 111 1239 Α.
134 1188 209 1235 oum
236 1166 383 1253 quinque
406 1164 568 1253 proximis
582 1165 720 1252 pariter
739 1185 777 1229 oo
796 1163 904 1250 Bong.
924 1165 974 1233 A.
994 1160 1075 1233 Per.
1095 1163 1147 1234 A.

58 1279 238 1364 praestaro
265 1269 550 1357 subsequentibus
579 1267 745 1335 utriusvis
775 1268 905 1335 ordinis
936 1274 972 1334 et
1009 1271 1150 1359 puriore

58 1379 152 1445 forto
171 1394 365 1454 emanasse,
394 1373 455 1438 sed
474 1372 564 1439 veris
586 1371 787 1438 lectionibus
809 1374 945 1461 plures,
976 1394 1077 1459 quom
1101 1373 1150 1455 hi,

60 1484 190 1549 mixtas
214 1477 338 1543 habore
361 1475 528 1543 visisunt
554 1476 680 1557 falsos,
710 1497 851 1562 quarum
874 1497 955 1565 pars
976 1498 1016 1541 ex
1039 1476 1150 1565 ipsius

59 1583 222 1657 cessoris
238 1577 520 1668 Ephemeridibus
536 1578 673 1659 ductae,
696 1600 777 1667 poro
793 1579 971 1646 variandae
987 1582 1153 1649 orationis

61 1687 179 1757 studio
192 1683 440 1752 abdominibus
454 1681 564 1749 dootis
579 1691 615 1748 et
630 1681 814 1767 ingeniosis
826 1683 1044 1769 excogitatae,
1065 1686 1153 1751 alise

60 1789 190 1880 eaeque
210 1789 246 1855 in
263 1785 369 1855 Vind.
383 1786 432 1854 A.
455 1794 520 1854 ete.
542 1783 714 1871 aliquanto
734 1787 870 1874 plures,
890 1809 990 1875 quom
1004 1788 1040 1854 in
1055 1788 1154 1858 And.

62 1897 132 1965 Ox.
153 1903 281 1961 temero
302 1898 338 1957 ot
358 1886 557 1956 emendandi
578 1890 758 1977 scriptoris
772 1913 874 1957 eausa
892 1893 1009 1957 illatae
1025 1899 1154 1963 essent.

61 2002 195 2073 contra
215 2017 304 2084 quoe
324 1994 358 2059 in
380 1992 488 2076 Bong.
510 1993 557 2059 A.
576 1987 658 2061 Por.
677 1993 726 2062 A.
748 1994 900 2061 resident
915 1994 1071 2076 mendae,
1092 2015 1153 2061 no-

60 2123 233 2194 qnsquam
255 2096 441 2166 crassiores
461 2095 541 2161 illae
559 2116 668 2182 noque
688 2097 825 2164 maioris
846 2108 907 2165 out
926 2101 1152 2186 negligentias

62 2216 126 2276 sut
154 2202 364 2290 ignorantiae
391 2206 520 2278 testes,
547 2219 758 2285 quo-quse
780 2201 923 2268 oliorum
945 2206 1153 2292 scriptorum

62 2309 239 2379 eodioibns
262 2305 401 2391 optimis
422 2303 627 2371 detrimento
648 2301 733 2383 tuit,
761 2326 827 2371 non
847 2307 984 2373 obstare
1003 2317 1083 2374 sunt
1102 2309 1153 2375 vi-

62 2437 144 2496 sor,
168 2432 236 2500 quo
253 2409 366 2475 minus
383 2429 441 2487 eo,
464 2426 551 2494 qnae
567 2405 743 2472 emendato
760 2412 890 2498 scripto
904 2411 1085 2493 haberent,
1107 2410 1152 2477 ab

61 2523 143 2607 ipso
161 2514 309 2585 Caesare
331 2512 367 2579 iu
384 2508 661 2590 Commentariis,
689 2533 774 2598 quos
792 2514 976 2581 seeundum
989 2515 1155 2605 Ephome-
1250 2601 1254 2608 ,

62 2621 162 2692 rides
179 2626 215 2686 et
229 2625 343 2683 tamen
357 2611 508 2681 diversos
523 2611 565 2678 ob
582 2612 652 2677 illis
668 2611 850 2698 edidisset,
873 2616 966 2684 edito
980 2619 1156 2686 existimo·

62 2733 198 2797 rentur.
240 2719 362 2807 Itaque
375 2719 448 2798 hos,
470 2718 529 2804 qui
544 2717 646 2783 simul
659 2721 886 2806 antiquissimi
900 2723 1046 2789 omnium
1063 2729 1157 2806 sunt,

64 2830 258 2914 abierunque
276 2822 353 2889 fiori
374 2821 503 2911 potuit,
531 2821 641 2887 semoti
656 2843 793 2906 sumus;
822 2826 880 2890 ubi
897 2826 1049 2912 eorrupti
1063 2825 1157 2893 vido·

64 2936 210 3011 bantur,
235 2948 324 2994 nuno
343 2924 385 2991 oh
410 2923 560 2991 eiusdem
582 2928 714 3011 generis
738 2929 975 3013 interioribus,
999 2951 1087 2997 nuno
1111 2931 1157 2997 ab

66 3039 176 3107 altero
193 3051 315 3118 genere
329 3029 488 3095 auxilium
506 3030 698 3118 petivimus.

173 3134 394 3205 Editioneso
412 3133 511 3201 nobis
532 3135 675 3202 oollotoe
696 3142 775 3201 sont
795 3137 876 3204 haer
899 3134 1064 3225 Prinoeps
1082 3135 1158 3205 Ro·

66 3264 166 3309 mano
184 3261 216 3308 o.
239 3239 343 3320 1469,
367 3235 427 3303 fol.
449 3240 534 3327 (quo
557 3240 665 3306 formo
689 3262 804 3308 omnes
823 3243 917 3307 ildino
936 3244 1043 3309 seouli
1057 3241 1270 3331 nonomen..

66 3368 134 3414 non
146 3343 296 3433 quinque
310 3348 441 3408 tantum
459 3343 541 3409 belli
559 3343 652 3413 Gall.
669 3345 794 3428 libros,
821 3345 1012 3434 etquidem
1031 3368 1158 3414 memo·

66 3451 140 3516 rios
172 3441 415 3537 prodiderunt,
448 3445 509 3513 sed
537 3469 652 3516 omnes
680 3447 946 3517 Commentarios
971 3452 1157 3520 continens.

67 3552 218 3619 Tantum
237 3568 305 3615 non
317 3549 442 3636 ubique
456 3572 530 3617 oum
546 3550 660 3618 oodiee
677 3551 782 3622 Vind.
797 3552 843 3623 D.
860 3554 1039 3623 eonsentit.
1081 3554 1158 3618 Me-

68 3660 266 3729 diolooeost's
280 3674 312 3722 a.
330 3655 434 3735 1477,
456 3655 500 3720 ad
518 3654 664 3722 oodioem
684 3655 925 3724 Guoltheriano
946 3657 1264 3724 simillimorum..

68 3765 200 3827 exorto.
230 3753 402 3823 Latonam
416 3758 452 3822 in
467 3759 555 3825 libro
571 3768 689 3827 oetsvo
706 3783 746 3826 ex
761 3760 859 3830 Rom.
872 3783 905 3831 o.
919 3763 975 3828 vel
990 3765 1162 3829 alterutro.

68 3861 213 3929 duorum
229 3862 523 3950 reliquorum'ipsa
544 3864 790 3952 antiquiorum,
811 3863 941 3932 Veneto
955 3887 987 3932 a.
1003 3867 1088 3933 1471
1105 3866 1159 3932 vel

68 3965 222 4034 Romano
235 3985 267 4030 o.
282 3968 380 4047 1472,
400 3968 693 4056 expietamhobet.
737 3968 884 4035 Venetos
898 3991 931 4040 o.
943 3972 1045 4044 1482,
1060 3973 1157 4054 1499,
1165 3973 1236 4035 Ve'n.
1248 3977 1270 4032 o.

69 4074 179 4154 1494,
213 4069 319 4152 1499,
352 4070 387 4136 in
417 4071 588 4162 plerisque
615 4093 692 4140 oum
721 4069 813 4144 Med.
839 4093 872 4144 r.
898 4074 1159 4146 eonsentientes.
