2572 4688
121 282 190 352 soe
377 270 660 375 nurnero
689 272 943 349 onorico

104 471 202 558 post
214 462 302 533 diem
319 469 496 552 quartum,
516 483 616 549 qnam
630 468 687 531 eet
695 462 731 531 in
747 458 958 533 Britanniam
970 469 1127 550 rentum,
1147 488 1203 536 na·

19 604 22 609 -
120 576 180 622 vas
195 568 308 632 xrrrr„
328 551 507 640 dequibus
522 572 627 640 supro
640 550 988 637 demonstratum-est,
1008 576 1097 644 quae
1109 556 1204 645 eqni·

120 650 175 710 tes
197 640 427 720 sustulerant,
455 660 495 704 ax
514 639 689 727 superiore
698 649 804 745 portu
815 641 999 710 lenirento
1013 644 1202 717 solverunt.

79 728 102 789 2
123 728 220 818 Quae
234 750 308 795 curn
325 726 632 821 adpropinquarent
648 726 844 794 Brrtenniae
857 736 892 797 et
908 750 949 796 ex
968 732 1096 798 nastris
1113 730 1203 799 vide·

120 826 261 896 rentur,
291 823 387 881 tanta
409 822 594 902 tempesias
614 814 729 881 subito
749 822 864 883 coorta
885 824 956 901 est,
982 823 1025 886 nt
1037 818 1134 886 nulle
1148 843 1201 887 ea·

48 986 52 993 ¹
76 936 79 941 Δ
119 927 195 971 runi
219 924 356 971 eureunr
371 908 486 969 tenere
499 906 635 991 posset,
660 900 723 970 sed
737 903 824 968 aliae
837 902 972 985 eodem,
999 904 1093 973 unde
1106 915 1201 975 eraut

119 994 310 1080 proiectae,
337 991 560 1070 referrentur,
586 990 673 1056 aliae
687 988 731 1055 ed
745 990 938 1059 interiorem
958 998 1093 1078 partem
1107 997 1199 1062 insu-

114 1082 188 1163 lae,
207 1099 296 1169 quae
309 1086 364 1146 est
376 1060 615 1166 propiusnolis
629 1097 798 1161 oceasum,
818 1099 939 1166 magno
953 1080 1009 1146 sui
1020 1102 1098 1148 cunr
1113 1084 1200 1172 peri·

182 1237 249 1302 Cep.
266 1238 310 1291 28.
329 1233 355 1298 S·
375 1237 402 1287 1.
434 1236 533 1295 snpra]
567 1244 619 1284 om.
636 1234 719 1299 Bong-
734 1236 770 1287 A.

137 1324 140 1329 ·
182 1307 210 1369 s.
227 1310 254 1357 2.
288 1304 547 1367 adpropinquarent]
581 1304 666 1355 Voss.
689 1307 723 1357 A.
746 1306 824 1370 ligm·
854 1316 913 1357 sec·
935 1304 1020 1360 Febr.
1048 1307 1136 1374 Bong.
1164 1309 1198 1361 A.

145 1376 229 1431 thd.
245 1377 280 1428 Δ.
299 1387 353 1426 non
370 1385 454 1438 appr.
701 1436 704 1441 Ι
732 1434 735 1439 ⁴

182 1448 226 1498 sui
251 1459 313 1495 eum
336 1443 470 1506 periculo]
505 1440 537 1492 lu
559 1440 642 1492 Vind.
665 1443 700 1492 A.
723 1442 771 1494 e'oi
787 1449 850 1506 post
863 1442 997 1508 pertento
1033 1443 1152 1512 orituri,
1169 1445 1196 1498 tn

146 1516 188 1568 st.
206 1523 234 1565 et
250 1515 281 1566 Ρ.
299 1516 374 1565 Man.
391 1511 519 1562 omissum
537 1523 624 1576 neque
640 1524 658 1561 a
673 1514 877 1575 dietapiireste,
899 1513 945 1576 qni
961 1458 1097 1580 uitiiset,
1115 1523 1196 1569 enee

145 1585 315 1648 Perterrito,
337 1581 383 1647 qui
405 1578 479 1632 iiist.
506 1582 557 1650 11,
582 1582 616 1634 12
631 1592 742 1634 summo
760 1593 826 1634 eum
843 1580 1012 1635 <incrimine
1031 1584 1132 1650 habet,
1147 1598 1195 1636 ex·

144 1664 271 1721 menen
287 1658 342 1705 est.

162 1788 328 1855 cep.2e.s.
344 1790 369 1840 1.
392 1785 633 1851 poetdiemquer-
675 1784 737 1853 peri
761 1783 802 1837 sio
828 1788 1049 1853 consueverunt,
1075 1795 1107 1841 nt
1131 1790 1193 1855 port

112 1862 185 1928 tum,
204 1860 298 1925 qnam]
333 1861 373 1910 Vt
392 1870 476 1920 supra
495 1859 552 1938 ⁰2⁹
571 1854 599 1916 s.
615 1858 631 1906 1
674 1857 749 1911 diem
762 1856 936 1937 idem-qood
949 1856 1009 1922 die,
1027 1869 1115 1924 qum
1128 1862 1192 1925 qnod

91 1925 633 2059 arcitenentum
671 1925 1028 2057 ureretur.

112 2068 166 2118 duo
184 2066 260 2133 dies,
283 2066 332 2114 sed
351 2076 432 2115 unum
445 2064 572 2114 absentes
583 2063 631 2113 rn-
724 2064 905 2125 sustniersot]
923 2066 985 2115 Non
998 2062 1089 2114 solnm
1102 2061 1190 2129 nanis,

113 2145 192 2188 turos
213 2137 242 2185 et
267 2146 322 2184 non
342 2134 456 2196 quarto,
484 2131 533 2180 sed
551 2129 630 2180 tertio
673 2131 723 2181 sed
741 2131 823 2184 etiem
841 2132 990 2183 nauclerus
1003 2134 1111 2186 toliere
1124 2133 1189 2184 dici·

111 2203 157 2257 die
176 2214 340 2255 reversuros
355 2200 443 2250 tuisse
458 2200 630 2253 sternendum
672 2206 717 2250 tur
729 2213 796 2264 quos
808 2202 842 2252 ad
855 2213 886 2251 se
904 2201 1025 2264 recipit..
1047 2203 1095 2253 Sic
1106 2203 1188 2254 Afric

111 2280 166 2337 est,
184 2272 224 2322 ita
236 2271 309 2321 inter
319 2282 382 2319 enm
395 2269 475 2334 diem,
493 2278 544 2331 quo
559 2280 629 2316 ven-
671 2280 696 2319 c.
710 2268 760 2319 54:
777 2268 853 2334 quod
863 2282 967 2322 navem
987 2274 1188 2323 commeatu-

111 2344 169 2394 tum
189 2340 218 2390 in
238 2338 406 2392 Britanniam
425 2344 484 2403 est,
507 2337 536 2384 et
556 2346 628 2399 enm,
669 2339 1187 2404 ocwpooieeeteepuemtiitemuourt

84 2423 164 2475 inno
183 2420 272 2460 naves
292 2422 382 2460 xum.
402 2408 560 2467 solverunt,
584 2404 627 2454 oi·
668 2407 818 2458 obsiciie'o
827 2409 1001 2461 murmuret.
1031 2409 1186 2475 conparari

113 2480 222 2532 biduum
242 2477 411 2528 interiectum
430 2482 459 2525 et
479 2474 627 2538 protectio·
668 2480 759 2540 potest
774 2477 935 2529 cormarico
949 2475 1037 2533 [eim.

109 2561 173 2605 nem
189 2559 283 2599 eamn
301 2545 346 2596 die
371 2546 468 2612 quarto
488 2547 627 2606 postquam
719 2543 746 2605 8.
766 2550 792 2597 2.
826 2559 862 2597 ex
886 2548 1002 2608 castris]
1039 2547 1082 2598 iio
1107 2559 1186 2611 prope
1229 2585 1232 2588 -

109 2620 216 2672 verser
238 2616 265 2667 in
284 2615 451 2667 Britanniam
464 2613 558 2673 veuit,
580 2613 627 2662 ta·
668 2624 746 2664 mare
764 2616 792 2664 et
810 2616 920 2678 panium
938 2617 1012 2668 edito
1023 2616 1087 2670 loco
1101 2618 1186 2680 posite

106 2697 181 2741 ntem
208 2685 330 2737 statuere
355 2685 493 2735 dehemus.
533 2682 627 2745 Neque
667 2683 756 2735 tuisse
769 2683 811 2734 his
826 2685 963 2739 docemur.

108 2768 177 2807 vero
194 2757 262 2821 post
282 2754 309 2804 in
336 2755 387 2803 iac
413 2749 549 2803 locutione
576 2760 627 2815 pro
720 2764 818 2817 magno
837 2754 952 2805 sulcum
966 2751 1106 2818 periculo]
1133 2755 1186 2806 tie-

107 2825 238 2879 adveroio
260 2823 410 2873 debendum
432 2832 520 2884 neque
540 2830 627 2870 accu-
668 2817 748 2872 nitivi
767 2823 893 2884 exempla
906 2825 970 2874 vide
990 2822 1020 2874 iu
1034 2828 1098 2877 adn.
1113 2826 1148 2875 sd
1162 2828 1185 2892 t,

44 2920 53 2931 ο
108 2896 199 2948 sativo
212 2892 374 2956 significatio
385 2888 498 2942 ablativi
505 2887 627 2939 tribuen-
667 2887 703 2940 to
719 2889 745 2951 8.
759 2893 784 2941 θ.
818 2890 905 2943 iinius
918 2903 1010 2944 minen
1023 2893 1187 2957 pronominis

108 2966 160 3027 dn,
177 2965 225 3013 sed
237 2962 267 3012 nt
280 2960 306 3011 iu
321 2960 438 3011 dictione
455 2960 523 3024 poet
534 2957 626 3008 iomi·
667 2957 790 3023 genitivo
810 2961 927 3025 scriptor
947 2961 1015 3014 aiibi
1026 2977 1061 3016 ea
1075 2974 1185 3027 tantun,

108 3044 178 3085 norit
190 3031 357 3084 mensorium
369 3038 397 3078 et
404 3029 431 3078 in
438 3029 547 3079 Graece
558 3019 626 3091 μεθ’
668 3040 740 3092 quae
761 3027 900 3083 obiective
913 3034 1029 3084 rotetur
1043 3035 1184 3098 significe-

106 3097 231 3170 ἦμὲραν,
254 3112 323 3164 qnae
335 3098 467 3151 interdiu
481 3097 625 3160 significat,
667 3097 723 3165 tio,
739 3099 840 3167 utitur,
855 3103 887 3152 nt
898 3098 961 3152 civ.
976 3102 1003 3167 1,
1018 3098 1037 3152 t
1055 3108 1184 3159 ostento·

108 3170 272 3234 praepositio
309 3170 344 3219 ed
374 3167 487 3230 primam
520 3174 625 3229 partem
667 3166 710 3218 tto
731 3168 791 3235 eut,
807 3166 845 3219 ib.
866 3172 899 3235 2,
917 3170 952 3222 18
973 3173 1187 3240 contemptione

108 3240 238 3302 temporis
251 3239 414 3303 referenda,
430 3236 497 3300 poet
508 3233 585 3300 qood
597 3234 625 3284 id
667 3236 731 3302 etti,
748 3239 783 3289 ad
801 3236 980 3291 subiectivem
998 3247 1185 3303 possessivum

108 3310 211 3360 tectum
225 3307 345 3372 dicetur,
369 3308 439 3371 quod
459 3304 552 3367 alique
564 3301 625 3353 eins
667 3304 750 3355 etiarn
771 3318 832 3358 oum
853 3308 941 3359 altero
962 3308 1102 3367 adtectivo
1119 3328 1184 3367 con·

104 3377 238 3439 temporis
259 3386 337 3440 parte
357 3378 461 3427 iactum
478 3374 531 3439 sit,
547 3371 625 3437 origo
666 3373 787 3426 iunctum
814 3376 937 3442 adhibet,
970 3387 1001 3429 ut
1025 3380 1088 3432 civ.
1111 3387 1143 3453 1,
1168 3382 1184 3437 5

106 3450 199 3502 antem
222 3444 365 3498 locutionis
389 3447 452 3496 inde
478 3444 626 3505 repetenda
666 3443 728 3499 soa
741 3443 892 3505 teserem
905 3448 1074 3512 pertractis.
1109 3455 1186 3517 Apud

106 3518 233 3585 videtur,
250 3516 320 3581 qnod
332 3514 406 3566 notio
420 3512 548 3563 vocabuli
559 3514 627 3577 poet
668 3513 834 3564 recentiores
854 3526 921 3565 vero
940 3517 989 3566 doc
1010 3533 1116 3585 qnoque
1128 3525 1184 3573 ere.

107 3585 161 3638 eibi
182 3586 296 3649 primum
316 3584 446 3635 orationis
467 3583 557 3632 locum
576 3593 626 3643 pe·
669 3584 801 3646 quentius
812 3597 876 3635 esse
890 3583 999 3637 Davisii
1012 3592 1040 3637 et
1053 3591 1121 3641 oud.
1134 3593 1184 3643 ad.

107 3658 196 3722 teret,
212 3666 264 3718 qno
277 3655 376 3719 flebat,
393 3654 424 3702 nt
435 3662 468 3701 eo
480 3653 556 3715 loco,
573 3661 626 3713 qno
668 3654 723 3702 not.
737 3653 772 3704 ed
790 3655 824 3719 1,
839 3651 857 3703 t
875 3651 934 3713 §.2
951 3654 1007 3712 (uti
1022 3656 1052 3707 in
1065 3671 1120 3709 uuo
1136 3672 1184 3711 co·

106 3722 172 3791 poni
191 3725 317 3788 deberet,
345 3721 519 3774 omitteretur.
552 3719 623 3770 Nem
668 3721 898 3773 dioeNorvicensi
911 3727 1085 3777 omnemertt
1097 3729 1189 3796 sarni,

106 3792 216 3859 proprie
230 3792 372 3842 dicendum
383 3798 443 3842 erat
455 3790 501 3840 die
515 3790 622 3854 peracto
664 3790 735 3841 iiam
750 3805 799 3855 pro
815 3804 842 3843 o.
857 3805 940 3844 suom
955 3795 978 3860 f.
1001 3799 1109 3858 exstat)
1127 3807 1155 3850 et
1166 3790 1190 3850 a'

106 3864 191 3929 poet,
213 3873 310 3928 paam.
350 3861 454 3912 Deinde
473 3859 558 3909 semei
578 3869 624 3908 re·
665 3861 812 3913 Weitirero
824 3863 859 3912 td
871 3862 935 3912 dec.
945 3865 1017 3913 Anu.
1031 3861 1060 3932 4,
1073 3867 1110 3925 24
1126 3866 1184 3928 (nbi

106 3938 188 3995 cepta
209 3943 259 3995 pro
276 3929 405 3982 adverbio
423 3925 623 3995 praepositione
665 3929 807 3980 Dolooeila
819 3929 914 3994 primo
928 3932 975 3983 rei
993 3931 1110 3988 incesso
1127 3938 1183 3987 soi-

105 4004 134 4052 et
153 4003 221 4052 hoec
239 3999 322 4051 etiarn
343 3999 369 4048 si
392 4009 445 4049 uon
463 4004 623 4059 sequeretur
665 3997 743 4047 visse
754 3997 885 4049 obsidium
897 3999 1010 4061 dicitur)
1024 4007 1182 4057 coliatado-

104 4083 209 4138 petum,
238 4077 269 4121 nt
297 4079 382 4132 supro
408 4079 434 4119 c.
452 4067 470 4116 9
488 4070 518 4117 et
537 4078 624 4132 poem
666 4069 737 4117 cent.
757 4068 839 4118 ¹Adde
853 4069 1007 4121 Basileon.
1020 4076 1057 4126 td
1071 4074 1182 4141 Remigii

104 4139 189 4195 edem
202 4152 255 4195 uou
267 4139 446 4207 praecedente
462 4138 530 4202 poet
541 4148 623 4214 mur·
665 4137 781 4193 Scirem
788 4148 901 4206 greum.
913 4138 1016 4207 poio
1038 4170 1041 4177 ,
1075 4178 1079 4187 .
