2572 4688
419 251 524 325 ern.
551 254 584 328 1.
626 218 751 329 aar.
774 252 820 328 sa
930 218 960 299 '·
1097 254 1165 325 nr

70 451 221 536 utraque
233 442 270 513 in
286 465 327 512 ea
339 442 421 531 iuga
435 444 621 534 perierunt.
665 442 765 511 Duae
785 441 875 511 filiae
889 442 1026 523 harum,
1053 441 1161 514 altera

71 535 204 617 occisa,
241 535 349 600 altero
378 540 478 620 capta
507 539 572 602 eet.
651 531 758 601 Gaius
784 530 947 599 Valerius
977 528 1203 615 Procillus,6

71 645 148 689 cnm
165 645 185 688 a
200 619 397 688 custodibus
411 621 446 686 in
461 621 540 706 iuga
554 618 655 686 trinis
668 619 796 687 eatenis
810 620 942 687 vinctus
955 619 1160 701 traheretur,

70 711 108 777 in
122 711 236 799 ipsum
251 708 433 776 Caesarem
448 708 556 774 hostia
578 707 732 794 equitatu
749 715 1006 796 persequentem
1029 706 1160 777 incidit.

72 797 174 885 Quae
190 795 327 884 quidem
339 817 396 862 ree
408 793 549 862 Caesari
562 816 628 860 non
644 794 823 875 minorem,
843 816 943 882 qnam
959 794 1034 881 ipsa
1052 796 1159 860 vioto-
1179 792 1203 855 6

65 887 127 953 rie
142 887 220 969 volu
246 891 351 950 tatem
365 882 495 963 attulit,
509 880 599 970 quod
613 881 779 949 hominem
793 882 1064 949 honestissimum
1079 903 1160 968 pro-

69 973 201 1041 vinciae
216 907 367 1050 (ioniae,
386 974 483 1036 e'uum
499 970 701 1036 familiarem
713 976 749 1037 et
762 971 949 1060 hospitem,
973 977 1159 1056 ereptume

70 1061 229 1129 manibus
244 1057 391 1127 bostium
404 1057 472 1125 eibi
488 1058 685 1125 restitutum
704 1054 859 1140 ridebat,
884 1076 993 1145 neque
1013 1059 1086 1123 ciue
1104 1077 1160 1123 ca-

105 1253 219 1322 eioais,
241 1251 271 1305 in
288 1253 347 1304 ort.
362 1252 446 1306 Boun-
466 1254 495 1303 el
509 1252 639 1306 Vretssb.
663 1249 835 1319 Nauticus,
858 1249 888 1303 in
911 1251 994 1315 Bong.
1019 1248 1050 1302 0.
1081 1251 1159 1304 Boz-

103 1325 201 1376 ziouis
217 1323 325 1388 legitur.

139 1402 257 1455 utreque
269 1416 305 1428 -·
316 1387 467 1454 perierunt]
494 1390 574 1442 Vrat.
593 1390 623 1439 ll.
642 1388 695 1439 iio.
711 1388 795 1439 eonn.
812 1388 866 1439 ino.
896 1386 1005 1450 Reliqui
1028 1394 1075 1439 aut
1097 1399 1160 1440 cnm

107 1462 168 1512 eii.
186 1461 282 1526 primis
299 1467 327 1509 et
343 1458 412 1509 ond.
436 1461 579 1524 utraeque
590 1481 624 1495 -
635 1457 808 1523 perierunt,
832 1462 896 1521 aut,
919 1465 949 1507 ut
964 1455 1014 1507 cu.
1028 1457 1112 1521 Bong.
1126 1456 1159 1509 Β.

106 1532 171 1583 Par.
195 1533 232 1581 Δ.
251 1529 333 1580 Vino.
358 1531 393 1577 Α.
418 1530 490 1579 llav.
508 1531 543 1578 A.
559 1541 621 1577 cum
636 1527 759 1592 Alcinio,
791 1526 840 1578 Gr.
858 1528 902 1578 ab.
919 1527 1011 1587 steni.
1031 1526 1107 1586 Lips.
1131 1530 1159 1574 et

105 1614 168 1665 sqq.
183 1602 248 1651 ente
265 1597 335 1650 ubo.
355 1599 484 1661 utraque
495 1623 529 1634 ·-
540 1598 633 1660 periit
649 1596 792 1658 exhibent,
816 1607 928 1659 quornm
945 1596 1011 1657 illusi
1025 1593 1160 1645 etcaesa-

105 1671 147 1723 rls
163 1681 217 1719 neu
233 1667 352 1717 alienum
369 1670 445 1725 (uem
461 1665 521 1715 civ.
534 1669 566 1731 2,
585 1669 602 1716 6
620 1667 824 1728 proceraeque
841 1665 959 1724 (naves)
982 1675 1021 1714 ea
1034 1673 1160 1713 coutur-

104 1752 142 1789 su
168 1737 338 1788 laborarent
363 1734 471 1786 coelicae
494 1733 586 1797 optimi
608 1734 685 1784 Leia.
708 1736 742 1783 A.
759 1734 841 1784 Voss.
858 1731 890 1783 B.
907 1733 956 1782 Dr.
972 1735 1007 1783 A:
1023 1731 1105 1783 vinc.
1123 1727 1158 1780 A.

106 1807 173 1859 item
194 1808 322 1871 utraque
344 1803 428 1854 scribi
452 1803 556 1860 iubent)
578 1804 630 1853 boc
652 1802 781 1853 usitatum
806 1800 930 1869 scilicet,
960 1801 1009 1850 see
1032 1800 1088 1851 tale
1105 1805 1159 1864 est,

104 1878 138 1928 ut
155 1888 243 1939 neque
259 1876 288 1924 iu
305 1873 372 1923 illud
388 1883 475 1934 neque
492 1872 521 1921 ln
536 1871 578 1937 iil,
602 1873 672 1933 qtrocl
686 1883 736 1921 nos
748 1871 916 1938 recepimus,
938 1868 1037 1921 mutari
1052 1868 1161 1930 rotule·
1205 1902 1211 1912 .

105 1956 154 2008 ee,
176 1952 274 1995 contra
288 1953 324 1991 ex
340 1942 390 1991 loo
408 1939 469 2002 ipso
485 1940 705 2004 quemadmodum
722 1938 833 1992 et'lllud
847 1940 978 2003 originem
995 1938 1096 1988 doecre
1113 1937 1160 1987 vl·

105 2014 214 2065 demur.
249 2011 292 2063 ci.
307 2009 368 2060 civ.
380 2013 413 2074 3,
433 2011 483 2060 ³0:
507 2010 632 2073 uterque
649 2021 750 2059 eoram
766 2021 805 2060 ea
821 2009 930 2060 castris
943 2005 1058 2063 statuis
1071 2020 1091 2059 a
1100 2006 1160 2074 {iu-

105 2083 183 2135 miue
201 2081 278 2146 Apso
295 2077 461 2130 coercitum
476 2079 612 2128 educunt.
645 2078 748 2128 Eodem
764 2077 912 2134 inclinabat
928 2076 996 2129 oud.
1073 2076 1076 2083 “
1170 2106 1173 2112 -

141 2150 171 2210 S·
192 2149 218 2202 5.
259 2148 361 2208 Gaius]
391 2149 476 2209 Bong.
500 2146 557 2195 AB.
581 2146 640 2196 Pet.
656 2147 739 2197 Voss.
756 2147 791 2196 Δ.
815 2146 889 2200 Gott.
908 2147 985 2208 Egm.
1002 2144 1081 2195 Vrat.
1099 2141 1157 2194 AB.

105 2220 192 2270 Banu.
208 2216 292 2269 Vini.
308 2217 339 2265 ll.
356 2217 428 2266 Meo.
445 2228 471 2266 a.
486 2215 557 2265 Ven.
574 2215 601 2264 b.
618 2213 667 2273 (G.
686 2213 736 2264 Cu.
753 2215 802 2267 Dr.
818 2217 874 2266 Ab.
891 2214 989 2266 llamb.
1006 2213 1088 2264 vino.
1110 2211 1157 2262 lii.

105 2289 193 2341 oreo
216 2286 269 2339 (ln.
293 2285 366 2335 Ven.
388 2286 449 2335 cic.
471 2285 547 2345 lter.)
564 2283 608 2335 M.
637 2284 772 2350 Aldinae,
792 2283 843 2339 Gr.
858 2284 908 2334 ab.
920 2284 1012 2345 Secula
1029 2283 1107 2333 liner.
1124 2277 1156 2332 θ.

104 2358 229 2421 reliquae
247 2368 308 2406 com
324 2351 621 2407 veritatatem.
637 2353 720 2404 vine.
737 2354 772 2403 A.

142 2426 292 2483 Procillus]
309 2422 452 2555 sprawmm
468 2425 546 2490 Egel·
564 2422 645 2480 vrato
660 2422 696 2478 A·
719 2418 866 2479 timidum
880 2417 964 2476 vinde
981 2417 1006 2475 Ie
1029 2414 1074 2472 of·
1092 2417 1156 2471 adli·

103 2496 378 2548 mmaw..
682 2496 685 2501 '

128 2661 199 2729 Gau.
213 2665 256 2720 te.
273 2664 300 2728 S.
313 2664 341 2720 4.
366 2667 445 2722 linae
457 2663 532 2720 filiae
545 2667 596 2719 la-
638 2662 730 2721 iuncta
749 2663 868 2731 positum
884 2661 954 2716 illud
974 2668 1034 2730 est,
1056 2662 1126 2726 quoi
1138 2672 1158 2713 a

71 2738 148 2796 mm]
172 2734 318 2789 bellantur
330 2737 377 2802 qui
391 2741 461 2790 bunc
472 2734 596 2789 nomina·
638 2735 748 2802 vulgari
765 2733 957 2787 consuetudine
968 2729 1099 2783 recedens
1111 2730 1157 2781 laic

72 2807 163 2857 tivum
176 2806 330 2859 absolutum
342 2813 390 2858 aut
402 2818 489 2872 genus
501 2807 594 2858 ‹lieen-
638 2807 716 2860 locus
729 2805 820 2857 babet.
844 2800 945 2855 Similis
959 2799 985 2852 ei
998 2801 1042 2850 est
1053 2799 1113 2852 clv.
1127 2803 1157 2868 ³,

73 2875 118 2944 cli,
135 2886 189 2940 quo
202 2877 319 2938 sempter
337 2876 381 2926 bio
399 2877 501 2945 utitur,
525 2888 596 2928 ane·
639 2877 708 2930 tots
730 2873 855 2927 Tabraca
873 2869 1058 2940 testamenti,
1080 2880 1157 2921 uuae

73 2945 204 2997 oolntbon
238 2949 343 3009 nutant.
393 2947 488 3010 Neque
524 2945 596 2996 enim
636 2956 691 3013 per
715 2943 826 3013 locatos
850 2941 913 2994 eius
934 2940 1044 2993 Romae
1068 2939 1159 2992 eruat

74 3015 162 3065 aliam
183 3026 294 3080 casum,
316 3013 370 3065 nisi
391 3014 594 3082 nominativum,
637 3014 762 3080 auctae,
784 3015 820 3065 ut
832 3009 995 3065 itinerario
1011 3020 1159 3075 poneren-

74 3083 193 3133 enbiectl
205 3084 354 3134 declaratio
367 3085 532 3152 requirebat,
544 3085 610 3134 nc-'
638 3088 703 3153 tur,
724 3108 760 3121 -
772 3084 883 3134 alterae
901 3080 1000 3133 eodem
1024 3080 1157 3142 coempto

73 3165 127 3216 que
146 3165 196 3219 ea,
225 3165 294 3217 quae
310 3146 473 3218 eliquantur,
497 3165 596 3215 exspe-
638 3154 762 3207 relictae
784 3154 873 3218 atque
899 3149 1064 3214 obsiauotae
1087 3148 1168 3205 iiie-x

75 3215 222 3273 stationem
234 3222 401 3288 praedicati,
419 3234 500 3287 quam
512 3220 598 3272 movit
640 3222 787 3277 maneriae
802 3218 1043 3289 proferebantur.
1077 3221 1107 3270 et
1120 3214 1158 3266 io.

73 3291 270 3358 nominativus,
288 3293 464 3355 frustrantur,
478 3290 598 3353 sedquid
641 3294 708 3346 106:
731 3291 838 3343 Caesar
852 3312 887 3324 -
901 3301 966 3339 cum
990 3286 1159 3354 teutonibus,

74 3357 183 3411 duabus
212 3360 323 3411 filiabus
348 3360 497 3426 cecinerit,
530 3362 599 3410 ‹luo-
641 3376 719 3428 aaa,
743 3373 828 3427 auam
848 3373 886 3411 ea
900 3357 1046 3409 Thessalia
1063 3368 1095 3409 se
1111 3367 1160 3407 se·

74 3427 128 3477 bus
148 3429 243 3479 verbis
262 3431 462 3495 demonstrant,
486 3438 600 3493 quorum
642 3432 693 3499 qui
710 3431 857 3493 iusserat,
882 3428 1049 3494 etaltera,
1073 3435 1160 3493 auam

75 3497 235 3548 utrumlibet
256 3499 292 3552 ad
311 3500 471 3552 alterutram
489 3509 599 3550 accom—
642 3515 682 3554 ec
693 3499 802 3552 Achaia
812 3513 831 3549 a
844 3499 877 3562 Q.
885 3495 968 3561 Fusio
981 3496 1078 3564 leuato
1090 3506 1162 3547 eoo·

74 3567 213 3619 maiatum
233 3574 261 3616 et
282 3579 344 3618 oum
361 3569 481 3633 repetita
493 3567 600 3618 utrius·
642 3572 781 3633 cauerat,
810 3565 1006 3632 equitibusque
1025 3575 1111 3618 noce.
1124 3585 1162 3600 ·-

76 3646 129 3696 qne
143 3634 342 3699 significatione
355 3638 526 3688 coniunctum
541 3636 600 3686 sin·
622 3692 630 3705 ..
642 3637 852 3692 Alexandriam
861 3633 1008 3702 peruenit.
1041 3641 1070 3684 et
1082 3632 1163 3696 llisp.

75 3703 202 3769 gelarent
218 3717 360 3758 numerum
377 3707 472 3772 babet,
495 3705 602 3756 olscre·
644 3714 695 3760 33:
718 3709 767 3760 lta
782 3705 938 3758 nouissimo
951 3705 1080 3769 tempore
1094 3714 1163 3757 ser-

75 3778 187 3834 pentem
199 3771 277 3823 illum
286 3775 394 3838 qcltlem
405 3786 423 3826 a
435 3774 525 3838 priore
536 3772 602 3824 sub-¹
644 3789 712 3829 oum
724 3777 810 3828 iussit
823 3777 852 3827 et
864 3774 1007 3841 libertum,
1025 3772 1075 3838 qui
1084 3771 1164 3840 fuu-
1200 3786 1207 3799 ⁸

75 3841 144 3892 lecti
165 3843 369 3906 declaratione,
410 3845 460 3897 sed
481 3844 603 3906 repetita
645 3848 692 3899 set
704 3845 767 3898 eius
779 3844 968 3906 concubitus,
991 3843 1164 3894 alterumse

77 3909 176 3963 omem
200 3913 406 3964 'necessat-iam.
454 3915 545 3976 Atque
573 3910 604 3962 in
644 3917 791 3982 iuyulare,
807 3916 1053 3977 alterumpvrom
1063 3912 1165 3966 iactu·

77 3970 132 4029 bio
157 3981 224 4042 ipsa
248 3983 426 4047 repetitione,
451 3994 532 4046 quam
550 3994 606 4047 ap·
647 3987 728 4037 llere.
762 3982 815 4036 llis
834 3979 1126 4035 similiacx'cicerone
1139 3986 1169 4030 et

79 4047 256 4114 positionem
266 4052 447 4117 partientem
458 4050 550 4103 eicere
567 4050 606 4101 li·
648 4054 732 4109 bivio
744 4053 913 4115 collegerunt
924 4050 1051 4102 sanctine
1064 4052 1168 4106 ttiner-

81 4121 162 4186 ceat,
186 4133 249 4175 oum
261 4123 366 4176 numeri
378 4122 526 4175 munuum
540 4132 607 4175 eou-
650 4137 690 4179 ra
701 4123 758 4193 lli,-
771 4123 799 4177 8.
807 4128 837 4179 ct
851 4118 1021 4174 termarum.
