2572 4688
378 242 566 322 HM.
606 243 801 319 (istit
952 238 955 245 ’
1096 244 1144 319 dl

53 437 222 520 Messala,
249 433 291 503 M
309 431 434 505 Pisone
457 436 653 504 oonsulibus
681 439 820 505 senatus
844 433 1048 518 censuisse&
1079 437 1145 518 uti,
1243 444 1250 477 ²

55 528 249 616 quicunque
268 523 414 592 Galliam
435 525 641 614 provinciam
659 524 847 606 obtineret,>
865 523 957 612 qnod
970 521 1143 591 commodo

54 615 105 682 rei
127 614 286 702 publicae
308 611 578 700 superoptimi,
613 611 776 680 Haeduus
796 619 994 699 ceterasque
1016 613 1144 679 amisos

54 704 176 793 populi
202 699 584 782 Romani'defeuderet,
612 722 650 768 se
668 699 886 767 Haeduorum
913 700 1057 767 iniurias
1077 720 1145 767 uon
1196 762 1199 769 .

54 791 303 876 neglecturum.
389 793 446 858 36.
474 787 537 856 Ad
551 789 632 855 haec
646 788 846 855 Ariovistus
860 788 1054 877 respondit:
1083 786 1145 854 Ins

54 900 132 947 esse
153 877 259 959 balii,
284 878 326 944 nt
346 877 406 966 qui
426 876 605 965 vicissent,
625 877 698 958 bis,
725 896 812 964 quos
826 877 1007 959 vicissent,
1028 896 1147 965 quam-

26 1100 29 1105 ·
87 1083 257 1150 pras-ium,
281 1097 338 1137 reru
356 1085 459 1135 iactam
476 1085 607 1135 secutura
623 1081 770 1135 monstrari
789 1090 818 1135 et
834 1081 862 1134 iu
878 1082 906 1135 id
924 1092 1028 1146 tempus
1043 1076 1148 1134 denun-
1177 1080 1181 1085 '

88 1154 175 1219 tisri,
208 1166 272 1204 enm
295 1155 437 1205 dicendum
460 1162 536 1202 esset
558 1153 711 1205 caesarem
734 1167 793 1204 nou
813 1155 995 1219 impetrasse.
1030 1151 1063 1202 Id
1079 1164 1149 1205 veru
1190 1164 1193 1171 ·

91 1223 188 1275 statim
205 1223 258 1272 dici
275 1231 385 1287 poterat
401 1222 482 1271 simul
502 1230 584 1285 atquo
598 1223 744 1285 postulatis
757 1235 811 1273 non
825 1223 966 1274 annuisset
981 1219 1150 1272 Ariovistus.

90 1294 189 1355 ltaque
207 1290 328 1359 Caesar,
354 1305 389 1342 ne
405 1292 504 1345 iterum
520 1304 604 1355 agere
622 1294 655 1343 de
672 1303 706 1341 ea
719 1301 750 1342 ro
763 1292 836 1341 nulle
850 1291 1005 1354 videretur,
1028 1292 1084 1340 tum
1099 1291 1151 1338 da-

90 1372 304 1422 assumpseram
331 1362 485 1410 secuturam
508 1361 641 1424 ostendit,
668 1374 728 1410 cum
746 1359 886 1411 dicendum
904 1366 980 1408 esset
995 1357 1150 1410 Gaesarem

89 1445 151 1482 acre
175 1428 356 1496 impetrare,
378 1431 448 1493 quod
464 1439 517 1479 non
534 1429 590 1479 nisi
605 1442 637 1480 re
654 1429 766 1493 saepius
791 1437 819 1479 et
841 1429 948 1480 trustra
967 1429 1074 1480 tentata
1095 1412 1154 1479 dici

127 1502 209 1550 terat.
358 1550 361 1555 ,
712 1512 715 1517 ·

90 1511 167 1617 Polli·
184 1564 298 1625 Pisone]
323 1564 366 1615 lta
383 1565 474 1629 Stepb.
491 1567 540 1617 Gr.
557 1565 583 1616 lt.
600 1566 672 1617 Scal.
689 1573 719 1615 ct
735 1577 794 1628 sqq.
809 1563 993 1629 scripserunt,
1017 1572 1048 1614 ut
1062 1563 1150 1615 Glan-
1196 1592 1198 1604 ·

92 1636 209 1699 dorpius
234 1634 407 1685 scribendum
432 1643 586 1686 censuerat.
626 1637 663 1686 Et
678 1638 744 1685 Met.
760 1627 878 1700 Μάρκου
893 1633 1149 1695 [initurae-posuit.

94 1705 131 1757 lu
153 1705 234 1756 Vrat.
257 1705 291 1753 A·
313 1714 477 1765 praenomen
501 1705 644 1771 omissum,
672 1704 701 1755 in
717 1704 779 1756 rell.
799 1704 875 1752 codd.
892 1705 921 1753 et
938 1704 998 1752 edd.
1015 1702 1151 1764 prioribus

94 1774 132 1826 Ι..
155 1774 205 1824 vel
230 1770 320 1822 Lucio
342 1772 446 1825 Pisone
471 1775 603 1836 seriptum
620 1776 672 1824 est.
705 1773 749 1826 ci.
767 1775 857 1825 adnot.
874 1773 910 1824 ad
927 1785 952 1823 o·
967 1777 984 1825 2
998 1771 1033 1833 «s.
1049 1775 1082 1841 1,
1104 1771 1153 1824 ubi

94 1845 130 1895 da
148 1843 243 1893 codem
261 1843 372 1892 consule
389 1854 478 1894 sermo
494 1844 557 1894 fuit.
1044 1900 1047 1905 ,
1237 1862 1238 1869 ¹

133 1925 166 1963 se
182 1911 368 1970 Haeduorum]
393 1924 424 1962 se
442 1912 470 1963 in
487 1913 571 1962 Voss.
586 1910 618 1960 B.
635 1911 719 1974 Bong.
731 1907 767 1969 c.
782 1909 832 1961 Dr.
848 1909 879 1959 B.
895 1905 979 1960 Vind.
997 1905 1028 1960 (i.
1045 1909 1118 1961 ven.
1132 1909 1155 1961 i.
1228 1919 1233 1926 ’

95 1982 195 2045 steps.
214 1980 261 2041 tir.
282 1979 308 2030 b.
325 1979 472 2046 omissum,
495 1980 525 2033 in
541 1981 626 2033 Voss.
640 1979 672 2030 G.
693 1991 756 2032 eece
769 1992 818 2042 pro
831 1991 864 2029 eo
877 1977 995 2041 positum
1006 1980 1065 2045 est,
1083 1979 1152 2042 qnod

97 2051 199 2103 {lud-2
216 2046 330 2112 recepit.
366 2050 418 2110 Qui
432 2050 597 2118 omiserunt,
623 2050 666 2100 eis
678 2057 740 2113 post
751 2062 814 2101 sese
827 2060 1061 2109 supervacaneum
1073 2049 1154 2099 vide·
1192 2102 1196 2112 ,

96 2120 189 2171 bamr.
232 2120 285 2168 sed
308 2119 417 2182 longius
439 2119 468 2170 id
490 2127 637 2185 remotum,
663 2126 691 2169 et
708 2127 738 2168 nt
753 2118 840 2181 possit
856 2118 907 2167 buo
924 2118 1040 2184 referri,
1063 2126 1155 2168 tamen

96 2187 289 2253 perspicuitati
310 2186 429 2239 inservit
452 2187 572 2241 iteratio.
611 2188 655 2239 ci.
681 2187 741 2239 civ.
761 2191 795 2255 3,
817 2185 870 2238 47:
898 2185 1094 2240 meminerant
1114 2186 1155 2238 ud

96 2254 226 2312 Alesiam
249 2269 385 2324 mapsam
407 2269 439 2309 se
463 2257 590 2324 inopiam
604 2269 774 2326 perpessus,
801 2256 892 2307 multo
909 2255 998 2306 etiam
1014 2256 1156 2309 maiorem

97 2328 140 2379 ad
155 2325 313 2378 Avaricum
329 2326 528 2391 maximarum
539 2341 571 2380 ee
585 2328 715 2395 pestium
728 2325 856 2378 victorae
869 2324 1043 2377 discessisse.
1067 2325 1155 2387 ¹iiuttd

98 2404 193 2449 autem
212 2396 297 2460 priori
312 2397 375 2447 loco
390 2400 453 2447 aete
472 2397 597 2464 scripsit,
622 2397 681 2448 soni
697 2407 783 2449 causa
795 2397 899 2449 iactum
911 2402 973 2462 est,
987 2407 1075 2461 noque
1087 2406 1156 2461 pro·

97 2468 198 2534 pterea
213 2464 312 2516 iterum
327 2477 390 2518 sete
406 2467 557 2527 ponendum
573 2473 642 2517 erat.

136 2533 206 2598 cap.
222 2536 266 2584 ³6.
283 2532 311 2594 ς.
326 2535 352 2586 1.
393 2534 451 2595 bis]
475 2536 559 2598 Bong.
577 2537 611 2585 A.
628 2534 677 2584 Dr.
694 2533 751 2584 AB.
768 2531 847 2583 Vrat.
864 2531 899 2581 A.
915 2528 999 2583 Vind.
1013 2530 1085 2585 aab.
1102 2528 1155 2583 Gn.

97 2603 162 2655 Pet.
179 2604 257 2668 Egm.
274 2604 346 2654 nov.
363 2603 434 2652 ves
452 2604 525 2654 edei.
541 2605 602 2653 Ber.
626 2602 682 2653 biis
699 2603 780 2654 Vrat.
797 2598 851 2651 Bc.
863 2601 960 2651 Hamb.
973 2602 1057 2652 noun.
1081 2601 1158 2653 Vul-

98 2683 136 2737 go
153 2671 201 2722 ila.
236 2672 291 2722 Vbi
310 2672 430 2723 victores
447 2680 525 2736 sunt,
546 2672 586 2723 ibi
600 2672 691 2725 victos
708 2683 771 2721 esse
788 2681 903 2719 neccsse
916 2677 969 2720 est.
1002 2670 1062 2721 llos
1073 2668 1158 2732 igitur

97 2741 168 2792 nibil
193 2740 285 2793 obstat
309 2754 362 2803 quo
385 2740 474 2793 minus
498 2741 527 2794 in
550 2741 660 2795 illorum
677 2737 929 2794 commemoratione
946 2739 979 2792 ut
995 2741 1157 2805 praesentas

97 2810 249 2864 monstrari
265 2809 461 2864 existimemus,
581 2818 585 2823 ’

119 2994 191 3061 cap.
211 2995 256 3047 35.
282 2995 311 3059 s.
326 2995 354 3050 4.
394 3004 508 3048 senatus
528 2975 594 3047 cen·
635 2993 726 3048 blicao
745 2992 817 3046 ratic
835 2993 959 3046 omnibus
977 2968 1159 3058 praeferenda

68 3063 188 3126 auisset]
221 3068 282 3126 Qua
299 3067 443 3118 occasione
467 3075 595 3118 meatus-
635 3066 834 3129 iniuugebatur.
854 3066 1159 3134 qaodnonproqucad,

69 3137 225 3185 consultum
239 3135 421 3186 illudiactum
432 3132 478 3203 sit,
491 3134 594 3186 nescio.
637 3137 687 3186 sed
705 3145 756 3197 pro
775 3137 917 3199 quantum
937 3135 1069 3204 positum,
1096 3136 1159 3188 iere
1247 3171 1248 3174 η

68 3204 123 3255 flod
137 3216 164 3255 a.
178 3217 205 3255 u.
219 3205 273 3254 692
292 3202 455 3269 Allobroges
474 3205 595 3257 rebella-
637 3207 667 3256 nt
687 3202 878 3254 Germanicum
898 3204 956 3259 itai
976 3203 1005 3257 in
1030 3204 1161 3256 dictioni-

68 3278 181 3341 veraut,
199 3274 229 3323 et
241 3286 267 3325 a.
275 3270 329 3324 sal
341 3274 443 3329 Gallici
455 3273 523 3324 belli
535 3287 595 3325 me-
636 3274 688 3325 bns
704 3267 771 3334 itti
782 3272 840 3327 itti
853 3271 888 3330 bit
900 3267 1006 3341 flabit
1029 3271 1069 3332 Εἴ
1084 3268 1160 3339 idriis

69 3349 117 3393 tus
137 3342 174 3392 ob
195 3342 298 3395 bellum
314 3343 487 3395 Haeduorum
500 3351 529 3393 et
542 3344 595 3393 se·
636 3335 864 3399 matutinario
898 3345 1044 3396 commodo
1057 3343 1161 3395 ablati-

70 3423 223 3475 quanornm
241 3419 271 3462 et
292 3411 326 3462 ob
344 3412 533 3465 Helvetiorum
550 3412 595 3464 iu-
636 3426 690 3464 vus
704 3418 749 3462 est
762 3411 976 3465 coniunctionem
985 3414 1163 3478 signiticaret

58 3482 221 3531 'cursiones
240 3482 335 3533 urbem
354 3481 538 3549 sciscitabar,
563 3488 596 3532 ut
637 3476 668 3536 io
681 3476 948 3548 usbeceiaainuuuua
959 3478 1011 3539 otit
1024 3482 1081 3539 beat
1088 3478 1163 3540 ileu

69 3547 171 3602 cicero
191 3550 458 3619 stt.1‚1adoceu
499 3550 596 3615 ltaque
638 3546 758 3616 tbeiibel
773 3547 900 3607 &tested
917 3552 961 3605 ct.
974 3554 1001 3619 5,
1015 3550 1066 3604 462
1082 3550 1162 3604 scri·

70 3617 383 3672 tansmisimus.
406 3632 460 3685 quo
474 3621 598 3673 Messala
638 3620 826 3686 bitbolieno,
842 3622 869 3672 ai
880 3621 1069 3687 reipublicae
1081 3634 1163 3673 cuss-
1194 3635 1225 3687 .‘

71 3686 181 3739 etPisc
202 3690 329 3740 consoles
349 3698 444 3756 erant,
467 3689 597 3742 wduos
638 3692 724 3742 modo
736 3693 968 3760 percrepuerat,
983 3705 1049 3746 cum
1069 3691 1163 3759 lepto-

73 3756 207 3809 auxilinm
226 3770 245 3810 a
264 3761 362 3813 mnata
374 3759 477 3823 petisse
489 3767 517 3809 et
529 3760 598 3810 illud
638 3772 675 3812 ue
694 3761 733 3812 ad
752 3758 824 3826 fines
841 3761 1024 3814 Neruiorum
1050 3760 1169 3815 vualda

74 3824 127 3878 Sc.
142 3826 326 3897 impetrasse,
349 3820 427 3880 auius
441 3836 532 3881 tamen
544 3828 598 3881 mi·
638 3832 673 3896 ⁶,
690 3832 743 3880 33:
765 3829 922 3883 Labienum
934 3832 1166 3900 Treboniumque

73 3907 137 3947 mm
154 3902 201 3946 est
218 3908 267 3949 eos
278 3910 305 3969 c,
318 3899 352 3955 tl
369 3898 531 3952 mentionem
543 3908 598 3951 non
639 3897 798 3966 bortatur,
819 3899 849 3950 si
866 3899 1063 3966 reipublicae
1081 3912 1168 3954 canu

74 3964 181 4017 tacere.
243 4010 246 4015 ,
641 3969 727 4021 modo
751 3970 854 4037 roem
877 3970 1008 4040 suast,
1037 3973 1080 4026 ud
1096 3983 1169 4027 eam

126 4033 199 4097 quod
211 4035 349 4087 commodo
361 4033 402 4086 rei
415 4032 541 4097 publicae
551 4034 598 4088 ia·
640 4038 715 4092 dum
730 4041 936 4094 rueramus

76 4112 142 4157 cero
153 4106 264 4170 posset]
284 4104 346 4161 llao
360 4106 478 4160 termula
489 4105 531 4160 rel
545 4118 598 4171 pn·
