2572 4688
452 257 801 333 Parnassio.
1104 279 1174 329 xus

77 457 209 544 gyptus
223 450 395 542 provincia
407 470 447 518 ox
460 472 564 536 regno
575 449 684 532 tieret,
702 443 877 520 ciceronis
891 446 1061 517 orationes
1073 468 1173 536 agra-

78 561 177 644 grias
206 556 338 646 liquido
364 554 615 636 demonstrant,
650 560 686 621 ct
716 575 792 619 cum
820 550 1004 621 Plutarcho
1032 560 1172 621 auctore

77 662 172 731 idem
186 659 314 730 Crasso
337 661 471 727 censori
491 659 661 748 placeret,
690 657 745 723 cui
761 655 941 725 Gaesarem
956 657 1171 723 coniunctum

75 768 188 834 fuisse
202 766 289 833 satis
304 769 458 840 constat,
475 784 542 831 non
558 762 665 847 magis
682 784 701 828 a
716 781 796 828 vero
809 760 968 828 abhorret
981 759 1042 839 boc
1058 759 1173 849 ipsum

78 871 170 952 sibi,
198 889 300 956 quam
321 888 433 953 regem
455 873 495 932 ut
517 866 711 947 reduceret,
743 862 1023 950 quemadmodum
1049 862 1173 934 Sueto-

78 975 160 1042 nius
180 975 274 1054 vult,
302 968 497 1037 demandari
518 969 698 1040 Gaesarem
723 968 870 1058 cupisse.
921 966 1038 1035 Crassi
1058 977 1173 1035 autem

77 1076 227 1146 oonsilio
255 1074 400 1145 Catulus
430 1075 559 1160 collega
589 1071 825 1158 refragabatur
845 1095 954 1160 usquo
976 1095 1036 1156 co,
1071 1080 1111 1138 ut
1134 1093 1172 1138 se

78 1189 228 1271 uterque
251 1200 366 1247 eorum
389 1198 531 1243 censura
560 1176 751 1257 abdicaret,
780 1183 816 1243 et
837 1177 1015 1258 Catulum,
1043 1175 1173 1266 princi-

78 1308 161 1377 pem
190 1286 262 1352 fere
291 1282 524 1371 optimatium,
557 1281 685 1351 Caesar
705 1279 795 1347 baud
818 1280 920 1348 dubie
942 1282 1173 1379 adversarium

79 1389 221 1470 hebuit,
248 1384 410 1476 quicquid
425 1386 495 1452 illis
512 1386 716 1452 contrarium
731 1386 887 1452 tentavit.
930 1386 1121 1474 Acceptum
1137 1384 1174 1452 in

80 1493 146 1559 bac
166 1489 379 1558 contentione
399 1487 574 1573 diguitatis
597 1487 832 1555 detrimentum
850 1512 925 1556 mox
943 1486 1174 1578 compensarit

78 1594 317 1664 restituendis,
331 1592 531 1659 adversante
554 1593 731 1659 nobilitate
753 1594 977 1658 monumentis
1000 1592 1039 1662 C.
1059 1593 1175 1664 Marii.
1228 1614 1231 1620 ¹

79 1698 173 1767 Nam
188 1723 256 1788 quo
270 1707 421 1784 tempore
435 1719 608 1762 munerum
622 1698 732 1783 gratia
747 1698 889 1763 maxima
904 1697 1063 1778 florebat,
1085 1700 1174 1765 clam

80 1809 224 1891 paratas
252 1804 416 1888 imagines
444 1801 548 1868 Marii
574 1811 609 1867 et
636 1800 809 1868 Victorias
835 1808 974 1889 tropaea
999 1809 1173 1887 gestantes

80 1915 186 1973 noctu
203 1906 237 1971 in
253 1905 421 1996 Capitolio
436 1906 625 1974 constituit.
670 1904 767 1992 Quae
781 1927 855 1970 cum
879 1913 997 1971 exorta
1013 1908 1090 1972 luce
1106 1904 1175 1973 lul-

82 2032 167 2096 gore
189 2011 267 2075 auri
285 2019 320 2076 et
341 2011 454 2098 operis
478 2009 621 2075 artificio
637 2007 783 2075 omnium
799 2011 913 2076 oculos
931 2010 967 2076 in
986 2033 1023 2076 se
1037 2031 1175 2079 conver·

50 2157 53 2161 <
82 2120 215 2196 terent,
251 2115 385 2180 inerant
412 2122 523 2180 autem
544 2113 791 2201 triumphorum
816 2114 1045 2180 Marianorum
1068 2116 1176 2198 tituli,

82 2219 147 2285 alii
167 2240 306 2304 ragnum
330 2220 402 2307 peti
418 2242 437 2284 a
453 2218 599 2288 Caesare
618 2217 974 2286 clamabant‘sublatos
991 2221 1124 2306 legibus
1138 2227 1176 2287 et

82 2321 233 2388 decretis
254 2323 397 2389 bonores
418 2322 642 2391 resuscitante
658 2324 843 2411 populique
857 2308 918 2388 ba‘c
932 2346 970 2390 re
985 2326 1174 2414 periculum

82 2426 249 2508 faciente,
276 2448 318 2492 an
338 2427 533 2492 muneribus
547 2427 613 2493 iam
629 2427 714 2493 satis
732 2426 900 2492 delenitus
914 2427 1106 2498 huiusmodi
1121 2430 1176 2497 lu·

83 2529 199 2598 dibria
222 2537 259 2596 et
279 2543 392 2596 rerum
415 2553 575 2598 novarum
592 2530 762 2596 molimina
778 2531 947 2617 patienter
959 2533 1080 2616 lerret,
1100 2533 1176 2600 Ma-

83 2620 175 2700 riani
189 2644 300 2700 autem
315 2635 508 2702 seinvicem
523 2634 741 2702 adhortantes
757 2636 869 2701 subito
886 2634 1078 2703 incredibili
1088 2636 1176 2705 mul-

33 2798 41 2823 ,
85 2737 236 2805 titudine
252 2759 440 2828 apparuero
460 2748 494 2805 et
516 2738 721 2829 Capitolium
735 2738 935 2829 plaudentes
952 2758 1186 2828 occupavere5

86 2842 188 2907 multi
209 2843 310 2909 etiam
331 2843 489 2910 lacrimas
512 2864 594 2931 prae
616 2842 739 2929 gaudio
758 2845 860 2912 Marii
882 2843 994 2930 elligie
1009 2846 1080 2910 visa
1096 2867 1180 2934 ppo·-

86 2947 251 3014 fuderunt
276 2955 312 3013 et
339 2945 518 3014 Caesarem
549 2947 709 3016 laudibus
736 2946 778 3014 ad
807 2949 936 3014 coelum
962 2949 1115 3015 tulerunt
1132 2955 1176 3017 -ut

86 3071 192 3115 unum
219 3057 298 3114 anto
324 3071 439 3117 omnes
465 3052 560 3117 illius
591 3053 756 3119 affinitate
782 3051 931 3137 dignum.
983 3051 1177 3127 convocato
1242 3060 1245 3065 '

87 3149 211 3218 deindo
226 3174 328 3241 super
342 3175 380 3221 aa
395 3162 565 3243 reseratu
580 3153 723 3225 Catulus
741 3158 774 3222 in
790 3179 864 3222 eum
878 3156 1030 3224 invectus
1048 3163 1103 3223 est
1124 3163 1178 3223 at·

87 3277 155 3342 que
176 3253 352 3325 lateralia
375 3258 464 3336 illud
484 3261 699 3327 memorabile
720 3261 823 3343 dixit,
849 3268 917 3326 iona
931 3283 995 3326 nco
1015 3260 1176 3328 cuniculis

89 3361 281 3439 Caesarem,
299 3361 357 3427 sed
370 3364 527 3429 machinis
541 3388 607 3430 rem
620 3367 783 3451 publicem
800 3387 1001 3451 oppugrmre.
1044 3364 1098 3432 At
1114 3364 1177 3433 illo
1228 3362 1231 3367 ’

89 3484 129 3530 se
148 3463 198 3529 ita
217 3463 386 3548 delendit,
412 3474 453 3535 ut
466 3468 598 3534 senatui
611 3475 704 3534 rocta
720 3492 740 3535 a
756 3489 793 3536 so
809 3469 933 3533 factum
950 3488 1024 3533 essa
1036 3488 1177 3556 persua·
1210 3501 1211 3504 ¹
1252 3547 1254 3552 ,

91 3565 206 3650 deret,
237 3590 456 3660 magnamque
479 3570 569 3659 apud
593 3573 755 3659 populum
773 3571 985 3637 auctoritatis
1010 3573 1176 3641 accessio-

88 3694 166 3738 nem
187 3674 328 3745 facarst.
374 3674 425 3742 Eo
444 3675 633 3765 respexisse
654 3673 774 3744 Cicero
795 3672 947 3754 videtur,
983 3672 1062 3742 dum
1081 3676 1177 3747 Axio

87 3774 212 3844 scribit
227 3778 394 3844 caesarem
413 3785 449 3844 ιἰι
468 3784 639 3846 consolato
657 3777 865 3864 confirmasse
880 3800 1034 3860 remum,
1056 3783 1097 3846 dc
1112 3805 1178 3867 quo

87 3883 209 3947 aedilis
229 3887 444 3965 cogitavisset.
488 3879 590 3971 Quod
610 3884 645 3951 in
665 3881 780 3965 eodem
797 3882 999 3968 magistratu
1015 3881 1176 3972 patendo-

85 4004 166 4051 rum
178 3983 343 4077 bonorum
359 3984 415 4051 ius
429 3988 697 4077 proscriptorum
711 3986 830 4055 liberis
844 3981 969 4052 aSulla
982 3984 1175 4076 ademptum

87 4087 286 4157 restituisse
308 4086 452 4175 dicitur,
476 4090 624 4162 tortasse
644 4092 704 4162 uni
722 4091 890 4181 alterique
909 4110 1024 4160 eorum
1039 4091 1175 4186 privile,-
