2572 4688
405 256 841 358 immutares
966 213 972 223 ’
1099 283 1167 359 aas
1277 310 1279 316 ,

76 473 200 538 renim
212 466 400 558 exspectari
415 467 544 538 diutius
559 488 625 545 nou
638 464 806 559 oportere,
818 468 901 558 quin
916 465 959 536 ad
972 474 1086 538 castra
1098 471 1167 539 iro-

76 568 155 640 tur‚
181 559 379 623 cohortatus
393 579 474 625 suos
487 558 641 624 omuibus
656 555 868 647 cupielttillus
885 556 929 624 atl
942 557 1089 624 hostium
1109 582 1167 626 ca-

77 655 153 712 stra
176 643 361 711 contendit.
445 648 502 715 25.
537 645 591 712 lbi
619 667 694 711 cnm
720 646 781 712 alii
807 646 919 712 lassas
945 648 1165 733 complerent,

79 734 139 800 alii
162 731 280 798 multis
300 732 382 797 telis
401 733 561 799 coniectis
581 729 775 799 defensores
793 735 882 800 vello
903 733 1165 801 munitionibus·
1270 764 1277 774 „

54 829 145 908 'que
175 806 409 908 depellerent,
428 820 693 908 auxiliaresque,
721 819 844 905 quihus
866 816 909 884 ad
929 841 1072 906 pugnam
1096 842 1164 887 nou

77 909 223 975 multum
247 904 392 972 Crassus
411 907 616 986 confidebat,
643 905 813 993 lapidibus
834 908 980 994 telisque
1000 907 1165 994 submini-

78 994 231 1061 strandis
252 1001 288 1059 et
309 992 351 1058 ad
372 1015 526 1080 aggerem
547 994 732 1081 cespitibus
751 993 1000 1082 comportandis
1017 996 1163 1082 speeiem
1240 1030 1245 1040 x

79 1089 184 1172 atque
203 1081 392 1172 opinionem
412 1083 630 1170 pugnantium
654 1081 872 1170 praeberent,
907 1103 982 1147 cum
1009 1082 1091 1149 item
1119 1083 1163 1149 alr

112 1273 194 1327 libris
211 1273 352 1342 effecisset
367 1273 508 1327 iuvenisse
525 1273 665 1338 videntur,
687 1276 758 1337 quoti
778 1273 808 1325 iu
827 1273 899 1325 llav.
916 1276 951 1326 A.
968 1275 1017 1326 Dr.
1036 1275 1066 1325 ll.
1083 1276 1165 1328 Vrat·

115 1347 147 1395 B.
172 1345 252 1395 actu.
276 1347 311 1395 A.
328 1344 411 1396 Vind.
430 1345 483 1395 lic.
501 1353 530 1395 et
547 1347 607 1395 edd.
626 1352 690 1408 ante
708 1344 776 1395 oud.
792 1351 910 1404 excepta
927 1346 966 1393 st.
985 1344 1093 1408 legitor.
1116 1346 1164 1412 fe-

114 1413 204 1465 cisset
219 1414 302 1476 llong.
319 1411 351 1463 (3.
367 1413 449 1464 vinc.
466 1417 500 1463 Α.
523 1414 659 1466 Pluralem
676 1414 711 1463 ab
729 1412 797 1479 Opil.
811 1413 965 1462 restitutum
983 1413 1035 1463 llo.
1053 1417 1081 1465 et
1097 1414 1165 1464 rell-

116 1482 163 1546 qui
178 1481 240 1535 ,mei
264 1495 326 1532 cum
341 1483 381 1532 St.
400 1489 518 1533 tuentur.
551 1484 618 1533 Eum
637 1480 822 1532 necessarium
839 1492 919 1546 esee,
944 1479 999 1531 uisi
1015 1483 1165 1534 cunctatio

54 1598 57 1603 .
115 1560 144 1602 et
168 1549 263 1617 opinio
287 1551 316 1600 iu
341 1549 525 1618 superioribus
544 1565 580 1600 ex
597 1550 684 1600 tribus
707 1559 868 1613 quaestuosae
887 1552 1031 1613 suspectae
1047 1552 1110 1602 litlei
1129 1552 1166 1602 li·

113 1618 175 1670 bris
199 1619 367 1684 recipiatur,
397 1619 480 1671 iaolle
504 1618 674 1684 intelligitur.
708 1620 776 1669 Nam
800 1633 854 1671 suo
876 1619 1047 1671 cunctatione
1070 1622 1165 1671 lroetes

114 1688 263 1741 timidiores
279 1688 405 1738 eliecisse
421 1689 539 1740 crasans
555 1702 589 1739 ue
608 1686 766 1751 sicquidem
783 1686 835 1739 elici
852 1692 973 1751 poterat,
1001 1689 1031 1739 ut
1052 1701 1103 1740 sua
1115 1699 1165 1751 pro

113 1772 170 1809 erto
193 1759 323 1823 ipsoram
345 1760 506 1820 poneretur,
536 1771 597 1807 cum
619 1757 727 1806 illorum
750 1756 886 1808 cunctatio
912 1769 965 1821 uou
988 1759 1048 1807 arte
1071 1758 1164 1820 aliqua

114 1826 230 1892 crassi,
259 1829 309 1878 sed
331 1826 451 1888 ipsorum
474 1825 589 1877 consilio
613 1826 711 1876 allecta
733 1833 825 1890 essct,
855 1837 942 1887 neque
959 1837 1026 1876 vero
1043 1824 1164 1893 efficere

115 1897 230 1949 verbnm
246 1896 304 1947 alia
320 1894 516 1958 significatione
534 1896 568 1945 ael
583 1893 699 1960 laertes,
723 1893 778 1944 alia
794 1894 830 1945 ad
849 1897 967 1944 nostroe
989 1894 1094 1948 milites
1116 1909 1164 1945 re·

114 1965 184 2017 ierri
197 1971 307 2028 posset,
328 1978 382 2028 qua
402 1964 507 2014 ratione
524 1963 653 2014 sincerus
671 1964 741 2011 hunc
758 1976 867 2015 sensum
884 1963 992 2015 elicuit:
1017 1960 1059 2018 ola
1077 1975 1105 2017 tt
1123 1959 1164 2018 bie

114 2029 209 2099 &etate
232 2042 320 2098 teeqca
343 2033 387 2087 tea
403 2042 591 2097 patremmeum
609 2027 752 2093 actitata
769 2029 812 2085 ola
829 2028 981 2096 iuratione
998 2030 1164 2099 acroaticum.

113 2105 249 2167 Reliqua,
272 2115 341 2166 quae
358 2116 376 2153 a
392 2102 469 2154 libris
487 2103 615 2152 minorem
631 2099 822 2152 dubitationem
839 2102 954 2170 liabent,
977 2100 1164 2167 quomoloin-

113 2171 263 2235 telllgenda
279 2172 441 2233 videantur,
465 2171 492 2222 in
509 2169 730 2232 interpretatione
747 2170 898 2220 declaravi·
1108 2186 1114 2213 r
1148 2222 1150 2227 ,

150 2237 365 2303 cap.25.s.1.
400 2239 441 2289 lbi
458 2254 519 2290 cum
536 2237 668 2300 aliiJ'obr'
684 2251 750 2289 com
764 2237 841 2289 Leia.
858 2239 891 2297 A.
909 2237 991 2288 Vini.
1009 2238 1045 2289 lle
1059 2237 1162 2290 omisso
1254 2272 1257 2276 -

114 2308 189 2376 aaa,
217 2309 287 2373 quod
310 2320 362 2359 non
379 2310 452 2360 male
468 2311 568 2359 abesse
586 2307 674 2358 visum
693 2307 880 2370 Oudendorpio
897 2307 976 2357 nonis
993 2319 1043 2358 cur
1059 2300 1168 2360 rectlu'a'

115 2379 216 2429 adesse
233 2378 376 2442 videatur,
399 2378 428 2428 in
444 2379 507 2428 acu.
524 2391 563 2428 cr.
582 2378 618 2427 ad
637 2379 667 2441 l,
684 2378 702 2429 8
719 2372 777 2436 §.t
794 2370 974 2441 aigniim‘tum
990 2380 1043 2428 est.
1077 2378 1163 2428 Prae-
1249 2365 1260 2407 ³*

116 2448 196 2498 terea
213 2448 249 2496 cl.
262 2446 296 2512 5,
315 2446 348 2507 51
366 2449 402 2499 at
414 2471 448 2485 -
461 2446 513 2500 atat
527 2447 637 2500 oollam
647 2459 735 2499 mono
747 2444 880 2500 adedere
887 2479 898 2515 ,
914 2445 966 2499 olii
976 2447 1072 2514 forsas
1084 2458 1165 2502 com·

77 2528 80 2533 ’
111 2516 197 2584 plere
212 2514 384 2583 inciperent.

52 2704 55 2717 ¹
80 2684 184 2739 altores
195 2699 336 2752 perperam
349 2693 378 2738 et
390 2693 503 2752 costra,
523 2699 602 2753 quem
646 2682 759 2737 altitudo
778 2686 984 2748 exaequaretur.
1014 2684 1164 2750 -lutegrum

80 2757 156 2808 alter
176 2757 379 2820 comparativus
398 2758 527 2822 requirit,
559 2757 603 2808 ln·
645 2763 706 2806 erat
717 2755 756 2805 aa
768 2764 903 2819 apperens
916 2754 1099 2821 forandam,
1120 2756 1164 2805 ii-

27 2895 29 2904 !
82 2832 250 2888 terpretatur
262 2823 402 2882 retentent
416 2823 563 2892 lutetiam.
645 2836 697 2887 oue
718 2823 928 2874 trevirensem
948 2825 1061 2874 auorum
1077 2824 1165 2885 parti-

134 2924 200 2989 cap.
212 2927 257 2980 25.
281 2926 308 2988 S.
322 2932 348 2980 1.
383 2930 459 2980 vallo
476 2924 602 2979 munitio-

82 2992 231 3060 nibusque]
256 2997 370 3048 Etiamsi
383 3000 473 3050 nullas
487 2996 601 3060 aquita-

81 3064 111 3114 ul
133 3074 242 3126 praeter
261 3069 364 3118 vallum
388 3066 466 3129 cique
489 3066 601 3116 coniun-

80 3141 157 3184 ctam
182 3135 286 3185 iossam
310 3135 474 3186 munitiones
500 3137 602 3202 hellue-

83 3201 157 3265 rlnt‚
175 3211 281 3268 tamen,
300 3204 324 3254 si
337 3207 445 3256 odiam
459 3205 546 3255 solum
559 3203 602 3254 ‹li-

82 3271 174 3321 xisset
192 3273 327 3337 scriptor,
350 3285 419 3336 opus
433 3273 541 3336 aliquod
557 3281 600 3323 tn-

81 3341 267 3406 multuarlunr,
285 3354 338 3394 uon
353 3343 450 3394 iustam
462 3342 536 3392 illam
545 3343 602 3392 lto-

80 3420 222 3459 manorom
242 3419 394 3471 castrorum
407 3411 602 3474 circumvalla-

81 3477 200 3542 tionem,
216 3480 361 3542 designare
374 3480 454 3530 visus
468 3489 559 3543 essct3
575 3480 603 3531 si

81 3546 258 3600 raanttionee
278 3552 370 3617 solas,
393 3548 529 3614 idipsum
550 3551 602 3600 du-

81 3614 156 3666 lrium
169 3614 343 3682 reliquisset,
367 3627 457 3669 utrum
469 3620 601 3683 Romano,
642 3651 926 3719 aa„,„q„,p,·2„,·t,
950 3659 979 3700 ,r
991 3651 1058 3703 nliil
1070 3652 1161 3705 differt

82 3696 119 3735 an
140 3684 195 3735 alio
216 3696 243 3735 ct
263 3687 380 3737 barbaro
398 3699 473 3738 more
497 3688 601 3739 munita
644 3723 715 3785 quod
728 3721 772 3770 ,st
783 3723 853 3784 ,pud
865 3721 1014 3771 (popm,
1027 3723 1055 3787 3,
1073 3723 1109 3776 ῃ
1121 3734 1160 3774 pp

82 3755 603 3889 iiiiiltl'¹¹zii⁰.lit..ltailiiiz
644 3787 1162 3919 ffltsslgssffiqgssfflffi

80 3891 215 4011 2323?
225 3890 267 4010 es·
288 3894 303 3941 ¹
327 3906 397 3959 ΨΜ
416 3894 603 3947 mmmmm
645 3929 704 3979 cod.
717 3939 766 3989 pro
776 3930 919 3987 statuam)
930 3928 1080 3991 peramans
1092 3942 1163 3980 coa·

124 4057 127 4062 ¹
176 3975 223 4011 ”²
240 3973 319 4026 ΝΜ·
644 3997 789 4049 eumont.
827 3996 870 4048 cr.
890 3997 947 4048 cre
969 3998 1160 4062 o.nr.1‚r

135 4061 171 4113 ad
185 4063 326 4126 aggerem]
353 4062 392 4113 Vt
412 4063 488 4114 fieret
508 4076 604 4130 agger,
644 4079 672 4131 p.
686 4066 756 4130 38³,
772 4069 789 4117 a
806 4065 892 4118 0rell.
909 4078 950 4119 ete
963 4065 1003 4116 aa
1014 4066 1097 4120 ludos
1109 4078 1163 4133 pe·

82 4142 136 4196 qao
154 4131 241 4185 loesls
262 4130 404 4197 eompletis
426 4133 609 4189 ammonam
644 4133 999 4201 maloeoeceroereotar.

645 2965 733 3014 detur.
767 2963 933 3025 Quamquam
952 2961 976 3010 si
995 2961 1056 3023 quis
1076 2973 1163 3027 agge-

644 3045 702 3084 rem
723 3031 777 3080 iam
798 3031 950 3082 iucioatum
965 3042 1067 3092 peneus
1080 3044 1164 3094 praev

643 3101 770 3165 positioni
792 3103 935 3164 vulgarem
953 3098 1009 3151 loci
1027 3101 1056 3149 et
1072 3106 1163 3153 motus

643 3170 745 3222 micuit
759 3169 917 3221 terminandi
937 3167 1164 3232 significationem

644 3238 774 3303 vindicet,
791 3238 966 3290 absurditatis
979 3236 1106 3289 convinci
1112 3251 1163 3290 ne·
1223 3254 1226 3259 ·

645 3309 734 3371 queat.
782 3307 877 3372 Neque
902 3309 1017 3359 alterum
1040 3307 1163 3370 equidem

644 3378 726 3439 plane
745 3374 859 3427 similem
884 3377 946 3427 lrulc
965 3377 1053 3426 locum
1072 3376 1101 3428 in
1119 3376 1173 3427 lla·

644 3445 851 3498 commentariis
865 3443 988 3494 iuvenire
1001 3443 1085 3506 potui.
1108 3446 1162 3496 Sed

643 3526 725 3578 prope
739 3515 818 3566 abest
829 3513 891 3565 clv.
909 3519 932 3579 l,
946 3515 981 3563 36
998 3515 1101 3566 turrea
1113 3514 1162 3566 ot·

642 3594 768 3649 meaeque
780 3583 819 3635 aa
831 3584 1068 3648 oppaqnotionem
1079 3582 1162 3634 artis

645 2891 1105 2957 cipioromconcursumpraeciaum
1118 2892 1165 2945 vl-
1226 2938 1229 2944 .
1264 2906 1275 2921 ·‘
