2572 4688
134 192 181 339 ΒΒ
397 250 470 322 DE
498 250 680 322 linito
709 250 962 324 (induco

80 443 121 509 13
137 438 313 509 avaritiam
339 461 413 509 esse
441 442 644 511 convictam:
724 463 818 509 snam
846 438 1069 509 innocentiam
1100 460 1221 532 perne·

135 536 198 595 tna
215 527 303 612 vita,
327 528 524 596 felicitatem
540 528 774 598 Helvetiorum
797 532 888 596 bello
901 550 979 597 sese
992 535 1220 619 perspectam.

78 612 121 680 14
135 614 257 704 ltaque
278 638 316 683 se
336 617 425 704 qnod
439 618 474 683 in
490 620 675 705 longiorem
688 617 777 684 diem
792 618 989 684 conlaturus
1003 617 1149 701 iuieeet,
1168 638 1222 685 reo

135 706 427 793 praesentaturum
443 713 479 772 et
492 708 642 796 proxima
655 714 753 772 nocte
770 705 813 772 de
824 712 947 797 quarta
965 705 1083 792 vigilia
1105 713 1227 773 castro·

133 800 320 874 moturum,
354 799 520 881 utquam
545 795 690 885 primum
716 795 912 879 intellegere
937 797 1074 884 posset,
1105 802 1222 861 utrum

74 877 118 944 115
134 878 225 971 opud
245 902 304 948 eos
321 880 550 972 puderetque
567 882 727 965 officium,
742 902 784 948 an
797 883 901 949 timor
911 882 1053 951 voleret.
1119 880 1224 970 Quod

200 1058 371 1119 convictam]
395 1057 476 1111 Gerr.
499 1060 548 1111 Dr.
572 1062 608 1110 A.
625 1059 705 1110 vind.
725 1058 795 1110 nni.
812 1070 875 1110 oum
891 1058 952 1108 edd.-
968 1057 1118 1123 plerisque.
1152 1068 1226 1110 eon«

164 1128 296 1182 cinctam
309 1129 361 1178 (in.
375 1129 434 1180 Pal.
449 1136 479 1180 et
491 1129 613 1179 nonrtulli
627 1142 661 1178 ex
674 1128 744 1178 ond.
755 1129 832 1179 codd.
847 1127 1006 1181 comacum
1019 1128 1068 1180 Dr.
1082 1128 1113 1179 Β.
1122 1128 1221 1181 nano.

163 1199 347 1251 coniunctam
363 1194 463 1262 reliqui
481 1199 576 1264 codd„
604 1197 687 1249 etiam
704 1197 878 1249 Periclemes
893 1205 922 1248 et
937 1196 1013 1249 llav.
1029 1197 1064 1246 A.
1082 1210 1147 1251 cum
1161 1198 1226 1271 iio-¹

155 1266 247 1320 'mena
269 1266 467 1333 oudendorpii,
497 1267 553 1317 inc.
577 1264 624 1317 Gr.
648 1266 675 1316 b.
698 1266 776 1318 durr-
791 1265 855 1317 Ald.
871 1278 933 1329 nep.
951 1271 979 1317 et
996 1265 1065 1317 oud.
1080 1268 1115 1333 2,
1140 1278 1221 1330 qoem

163 1337 264 1400 portion
288 1334 412 1387 codicum
438 1332 604 1407 auotoritas,
628 1334 725 1397 partin
740 1336 813 1397 qnod
829 1335 898 1386 liaeo
913 1332 972 1384 illle
995 1336 1152 1400 fortunam
1167 1336 1222 1387 tte·

164 1405 258 1474 talete
279 1403 405 1468 opposita
422 1412 547 1471 nutaret,
568 1404 665 1457 movit.
703 1406 758 1454 sed
773 1404 802 1453 id
818 1403 844 1453 sl
859 1401 995 1455 voluisset
1011 1404 1148 1469 scriptor,
1168 1415 1221 1455 ne-

164 1484 217 1537 que
242 1487 322 1540 esee,
352 1475 401 1522 eed
426 1474 519 1537 fuisse
542 1474 742 1529 coniunctam,
769 1485 856 1534 neque
871 1472 969 1536 atique
987 1471 1122 1539 facinore
1139 1484 1219 1523 com-

160 1543 268 1609 perto,
293 1543 342 1593 sed
360 1544 508 1594 commisse
526 1544 658 1611 dixisset,
681 1542 751 1607 qnod
764 1543 838 1593 mate
855 1539 903 1592 rei
918 1541 1017 1607 aeetae
1029 1541 1220 1605 responderet.

162 1612 318 1676 monento
338 1623 406 1662 vero
424 1613 546 1675 facinore
563 1611 662 1680 nebat,
686 1614 717 1662 ot
734 1609 871 1663 avaritiae
883 1608 1142 1678 convincerentur,
1155 1608 1221 1663 com

143 1680 373 1744 denuntiemus
391 1681 511 1735 avaritia
527 1680 700 1732 commissum
718 1691 783 1730 esse
799 1680 971 1742 appareret·
988 1680 1066 1739 Quod
1083 1690 1138 1729 non
1154 1678 1220 1733 illos

162 1750 301 1802 avaritiae
323 1750 481 1813 convictos,
506 1752 555 1800 sed
573 1750 717 1801 avaritiam
735 1748 889 1799 convictam
906 1760 970 1798 esse
986 1748 1070 1815 dixit,
1095 1748 1220 1799 insolen-

162 1819 219 1871 tins
235 1820 372 1884 tortasse,
401 1827 429 1869 at
446 1833 500 1871 non
518 1819 578 1869 sitne
595 1820 720 1881 exemplo
739 1816 815 1868 feeit.
849 1816 892 1869 Gi.
910 1814 1083 1868 Foreollintis
1101 1817 1130 1867 ln
1149 1828 1220 1869 eon-

160 1889 291 1941 otneere.
333 1887 386 1935 Est
409 1888 554 1940 manifesto
578 1889 687 1947 cognita
710 1888 739 1936 et
762 1887 947 1947 deprehensa:
982 1880 1053 1954 &eit
1069 1883 1112 1950 itt>
1137 1880 1219 1952 iliata

155 1952 349 2031 ¹eiecitoetoieieo
373 1953 495 2022 mattea,
526 1966 579 2013 oon
597 1952 677 2021 idaea
695 1948 950 2021 tereueaetcmonn.
990 1954 1107 2005 cedices
1125 1964 1220 2008 cunm

84 2064 87 2071 .
111 2082 114 2087 ⁴
146 2038 216 2097 ,non
237 2032 282 2076 est
306 2024 376 2088 qood
392 2027 506 2089 multum
524 2022 575 2076 nia
585 2038 736 2078 moremur:
759 2027 848 2075 solent
862 2038 880 2076 o
896 2022 1017 2091 librariis
1034 2023 1090 2075 ists
1106 2035 1218 2088 pernin-

162 2093 219 2146 teri
234 2096 264 2145 et
279 2095 348 2144 adeo
365 2093 448 2143 simili
464 2097 528 2145 sunt
545 2094 699 2161 scriptura,
713 2102 743 2145 ut
757 2094 853 2145 lectori
866 2094 955 2147 libera
968 2091 1004 2142 sit
1013 2091 1117 2143 'electio
1131 2092 1219 2156 cotte-

160 2162 233 2215 sirni.
257 2162 311 2221 ,θῇ
329 2161 495 2213 Garatonius
513 2166 547 2214 nd
565 2163 623 2215 cie.
641 2165 722 2214 verr.
740 2165 832 2214 Actl
850 2160 906 2213 el
923 2168 952 2212 et
968 2173 1017 2223 nro
1028 2162 1136 2215 cluent.
1153 2176 1179 2213 e.
1190 2164 1218 2215 5.

53 2228 56 2253 ¹
190 2232 224 2292 ’5.
240 2232 282 2280 1³.
316 2239 449 2293 perpetua
464 2230 541 2300 vite,
565 2232 739 2290 felicitatem]
766 2231 843 2284 carr.
860 2232 953 2294 steni.
970 2230 1001 2281 Ρ.
1018 2234 1092 2282 Man.
1112 2238 1141 2281 et
1157 2244 1217 2297 sqq.

160 2293 272 2364 Reliqui
289 2310 383 2352 omnes
399 2300 480 2352 scitae
496 2303 524 2351 et
542 2313 606 2362 nors
622 2302 798 2367 perpetuae,
831 2313 897 2361 pars
916 2299 1058 2367 felicitate
1074 2300 1218 2365 exhibent3

160 2370 243 2431 vind.
267 2372 302 2419 Α.
328 2368 501 2437 felicitatem
526 2369 632 2421 omit-tit.
668 2375 786 2430 Quorum
805 2370 872 2418 iiiiiil
891 2370 956 2419 terri
980 2379 1078 2432 potest.
1113 2372 1229 2423 Veram*

129 2490 134 2505 ,
159 2436 325 2501 scriptorem
343 2438 501 2489 coniectura
515 2436 659 2491 invenerat
670 2438 805 2494 nancaei.
819 2437 922 2491 nectas
940 2442 1010 2501 apud
1023 2440 1154 2508 Brutum,
1170 2441 1218 2505 qni

160 2510 274 2563 eandem
289 2507 319 2559 in
335 2505 415 2559 carr.
434 2507 545 2570 reperit.

194 2575 280 2638 s.1t.
315 2578 487 2639 conlaturos]
511 2578 589 2643 Egm.
607 2574 691 2637 ncne.
705 2577 741 2628 A.
758 2575 841 2627 Viod.
859 2576 894 2625 A.
912 2575 993 2626 viat.
1011 2577 1045 2626 A.
1060 2588 1115 2626 non
1132 2577 1199 2629 ceti.

193 2645 307 2707 inisset]
335 2644 564 2712 „MSS-quidem
581 2648 609 2697 et
621 2640 691 2704 'iddd
709 2645 821 2709 primae.
830 2641 849 2672 ‘⁶
876 2644 941 2694 eod.
958 2646 1059 2695 Achill.
1076 2646 1162 2713 Bong.
1179 2651 1216 2696 Α.

159 2712 209 2768 Dr.
232 2719 268 2767 A.
291 2716 373 2767 Vret.
395 2716 573 2768 secedam.
592 2715 622 2767 Β.
641 2715 693 2765 Gn.
710 2715 794 2766 Bonn.
811 2713 894 2764 Vind.
912 2714 982 2765 cni.
999 2716 1057 2765 Pet.
1074 2715 1135 2766 Pal.
1152 2717 1215 2765 edd.

160 2793 226 2838 ente
250 2784 313 2836 nid
336 2785 418 2836 etlam
440 2785 494 2836 ino.
517 2786 611 2847 steph.
629 2785 677 2836 Gr.
695 2784 723 2833 b.
741 2786 820 2834 Turr.
847 2785 925 2834 esset
941 2785 999 2833 cod.
1016 2784 1140 2854 licentii,
1164 2784 1215 2837 cu.

158 2854 244 2906 Voss.
267 2853 303 2903 A.
326 2854 411 2916 Bong.
436 2854 482 2920 G·,
513 2866 580 2915 pars
597 2853 684 2920 oud,
709 2855 758 2903 Dr.
775 2853 806 2904 B.
823 2852 920 2903 Hamb.
935 2851 1019 2903 Vind.
1036 2855 1070 2903 A.
1090 2853 1165 2905 liar.
1179 2855 1216 2903 A,

160 2937 224 2976 enm
240 2922 302 2972 rell.
317 2923 376 2972 edd.
394 2931 422 2973 et
438 2923 523 2988 oud,
549 2922 619 2985 quod
635 2934 684 2983 per
703 2936 735 2972 ee
751 2933 805 2972 non
818 2923 907 2972 minus
920 2923 1034 2988 borium,
1057 2935 1137 2985 quom
1148 2923 1217 2974 sut-

159 2993 296 3047 taeorent
316 2989 343 3053 S.
357 2990 383 3042 5.
417 2990 450 3042 ln
475 2998 556 3045 reeta
578 2992 700 3043 oratione
723 2991 830 3041 dixerat
848 2993 1020 3043 actitaturus
1043 3002 1137 3041 eram.
1169 2991 1216 3042 ct.

136 3082 141 3091 ,
160 3064 241 3115 Alex·
253 3058 305 3114 rt:
329 3059 413 3112 cuiue
432 3059 624 3126 aliquamdiu
641 3060 750 3112 Caesar
766 3060 992 3111 inridebat-eo
1008 3063 1072 3113 tete
1088 3060 1217 3113 militum

159 3131 391 3196 cunctationem,
419 3142 502 3196 quem
523 3130 554 3180 in
575 3132 670 3182 locant
687 3143 769 3181 neceto
785 3144 873 3181 tanae
890 3129 983 3179 tastis
999 3129 1151 3181 santerna
1168 3145 1217 3183 ee-

159 3203 216 3254 tet.
238 3208 266 3249 et
282 3198 402 3262 zumpcii
419 3212 531 3263 gramm·
544 3198 572 3259 S·
585 3198 647 3259 525.
680 3201 734 3250 sed
751 3200 859 3250 codices
875 3201 993 3250 alterum
1010 3200 1170 3251 exhibentes
1187 3201 1217 3253 in

159 3270 214 3322 laec
230 3275 308 3331 perte
326 3269 433 3322 omnino
448 3268 576 3321 meliores
595 3275 660 3320 sunt
674 3268 788 3333 ideoque
806 3266 887 3333 inihi,
910 3275 942 3318 ut
957 3269 1144 3336 Elberlingio,
1167 3284 1216 3321 se-

160 3337 259 3405 quendi
275 3337 447 3390 videbantur.
1127 3392 1130 3403 ,

195 3409 317 3469 valeret]
346 3409 412 3473 piam
438 3405 553 3458 caleret
576 3405 624 3457 Dr.
650 3406 681 3455 Β.
704 3405 785 3456 Vrat.
809 3402 840 3455 (i.
862 3403 1216 3469 eotn.an.v1nd.'ncn.

159 3476 234 3529 Rev.
251 3477 285 3525 A.
302 3488 395 3540 margo
411 3475 471 3527 Pet.
489 3488 550 3527 enin
567 3477 628 3525 edd.
645 3474 782 3538 plerisque
799 3481 863 3525 ente
880 3475 965 3541 ond,
986 3473 1033 3538 qui
1051 3476 1216 3527 auctoritate

159 3547 246 3610 Bong-
267 3546 325 3595 AB.
347 3547 408 3597 Pet.
424 3545 495 3596 iton.
511 3545 584 3595 tinet.
601 3546 678 3608 ligni.
697 3546 725 3595 et
739 3546 852 3594 duorum
869 3545 984 3595 aliorum
1000 3551 1081 3608 etque
1099 3545 1144 3595 ed.
1162 3543 1217 3595 ine.

158 3616 227 3681 ptus
250 3613 340 3665 eiecit.
381 3614 477 3665 Potest
499 3611 527 3664 id
550 3615 694 3677 genuinum
715 3611 811 3663 videri.
857 3613 900 3663 cf.
919 3614 953 3678 θ’,
976 3613 1026 3663 3οι
1054 3611 1154 3665 sie-et
1176 3613 1217 3665 ad

158 3684 337 3738 subeundam
350 3682 513 3748 pertatem
529 3685 559 3737 et
574 3682 614 3735 ed
630 3683 783 3735 citandum
799 3684 955 3734 muttum
971 3682 1098 3750 fortuita
1109 3682 1216 3736 catut.

182 3835 210 3899 s.
232 3838 277 3890 12.
324 3837 482 3898 avaritiam]
515 3839 585 3903 qnod
604 3836 650 3889 vi-
745 3837 828 3902 s.1d.
850 3839 1136 3903 repraesentaturum]
1155 3840 1217 3891 ste·

129 3905 198 3960 tium
216 3919 299 3958 unum
319 3907 437 3958 omnium
450 3906 651 3959 maximemili-
694 3904 900 3960 tlmtacturum.
934 3906 979 3958 ci.
994 3909 1121 3961 senecae
1136 3909 1217 3970 epist.

129 3986 188 4031 tom
200 3976 305 4029 animos
318 3979 417 4030 educe
429 3978 586 4030 abalienare
603 3989 653 4028 eo-
694 3979 730 4030 95
757 3977 877 4028 initium:
898 3975 978 4030 Petis
997 3991 1018 4028 a
1036 3989 1097 4041 me,
1121 3977 1157 4027 ut
1173 3976 1218 4039 id,

128 4047 179 4100 let.
195 4047 327 4108 Exemplo
340 4047 505 4099 esccassios
516 4046 569 4098 istc
577 4048 652 4098 bon·
696 4048 771 4113 qaod
784 4046 815 4096 tn
827 4045 904 4098 diem
916 4058 1000 4099 ouum
1012 4046 1151 4099 diaetam
1162 4047 1216 4097 de·

128 4116 211 4189 ginon
224 4117 296 4181 nond
309 4116 427 4172 liirtiom
439 4117 518 4169 Alex.
532 4116 568 4171 io
582 4129 642 4184 sqq.
695 4117 761 4175 tere
781 4115 917 4185 referri,
942 4117 1163 4182 repraesentent
1184 4114 1217 4169 et
