2572 4688
148 251 217 335 iat
410 254 484 327 itit
510 252 692 332 annio
720 250 973 329 flaccido

152 447 281 541 duplici
302 441 470 513 altissimo
487 464 585 513 mono
606 434 814 528 munierant,
846 451 918 513 tum
938 442 1051 532 magni
1074 442 1232 536 ponderis

23 589 28 604 .
90 552 235 614 ¹{iscam
261 540 299 602 ct
323 538 523 624 praeacutas
549 531 665 601 trabes
686 534 721 600 in
746 553 844 600 muno
863 535 1083 636 collacerant.
1158 533 1234 625 Ipsi

153 630 251 702 erant
269 643 311 689 ex
333 618 482 689 Cimbris
503 618 735 708 Teutonisque
755 621 931 711 prognati,
962 621 1040 708 qui,
1067 642 1145 689 cnm
1167 623 1235 691 itas

151 716 189 782 in
207 708 412 803 provinciam
434 714 583 774 nostram
598 715 700 795 atquo
714 707 1032 791 ltaliamiacecent,
1057 709 1104 775 iis
1127 711 1236 801 impe·

152 798 329 877 dimentis,
350 815 438 879 qnae
451 816 564 861 secum
579 816 679 881 agana
696 818 734 863 ac
749 803 887 885 portare
899 817 965 863 non
979 802 1158 883 potcrant,
1186 798 1237 864 ci-

149 895 205 957 tra
219 888 342 956 flumen
354 881 508 950 Rhenum
525 879 695 972 depositis
710 880 900 951 custodiam
919 905 961 950 cx
979 884 1054 952 suis
1075 905 1114 951 ac
1136 906 1238 974 pcae-

217 1058 249 1122 3„
266 1059 296 1112 2
327 1054 495 1120 munierant]
518 1051 707 1110 muniverunt
728 1055 810 1112 vind.
828 1057 863 1110 il.
884 1057 1051 1115 comdant
1068 1059 1150 1115 corr.
1169 1073 1238 1114 πη·

184 1128 306 1184 aierunt
319 1127 396 1191 legin.
409 1128 489 1178 Vrat.
501 1127 535 1177 A.
548 1127 646 1179 iiamb.
658 1129 740 1179 vind.
751 1131 786 1179 A.
797 1131 870 1181 iiav.
884 1131 920 1179 A.

221 1196 402 1255 collocaram]
423 1195 638 1268 collocaoecaot
655 1198 733 1249 Leid.
751 1199 785 1248 A.
807 1198 989 1251 collocarunt
1001 1199 1075 1248 iiov.
1087 1196 1124 1249 A.
1145 1196 1238 1250 colto-

140 1281 144 1288 ·
186 1269 290 1320 monne
310 1299 319 1332 ,
336 1266 412 1316 diss.
433 1266 494 1316 tenc
515 1277 609 1317 omnes
628 1275 657 1318 ct
675 1268 741 1317 ildd.
760 1263 833 1331 ΡΜ
849 1267 928 1320 carr.
940 1265 1001 1319 Pet.
1015 1266 1089 1318 Gott.
1102 1268 1189 1319 Voss.
1201 1271 1237 1317 A.

186 1340 265 1402 agn.
283 1300 356 1387 niv.
374 1333 457 1398 cong.
477 1332 534 1384 sc.
552 1330 612 1385 nat.
632 1337 679 1387 nr.
696 1335 753 1385 sn.
766 1337 846 1388 vrit.
866 1333 945 1389 nnc.
963 1336 1044 1386 coti.
1057 1337 1116 1386 aa.
1136 1337 1236 1388 naun.

185 1408 271 1460 nona.
285 1405 339 1456 (iu.
353 1402 435 1455 Vini.
448 1400 549 1453 dcun.
560 1404 621 1453 cdd.
633 1406 697 1457 anic
709 1405 773 1455 Aid.
797 1403 955 1466 i'ontinnaii
967 1405 1009 1457 liis
1020 1405 1115 1457 varnis
1130 1404 1237 1456 dacri-

186 1477 339 1542 utionemo
359 1470 429 1538 uidi,
449 1473 529 1535 quale
547 1479 623 1523 osset
644 1480 716 1540 tum,
739 1473 957 1530 cumAdnatuci
970 1476 1002 1525 ic
1017 1486 1035 1523 c
1065 1475 1239 1541 conterrent,

186 1557 240 1599 non
258 1487 441 1594 na‘r‘radoncm
459 1553 567 1608 neruin,
588 1553 657 1604 quas
672 1545 711 1591 tx
730 1541 830 1593 itinere
848 1543 955 1598 domum
973 1555 1024 1595 rev
1071 1543 1082 1595 i
1102 1543 1239 1607 merent,

186 1611 286 1679 partim
303 1609 493 1681 antecedentia
516 1607 832 1676 relinquebam&
867 1624 972 1679 quem
993 1612 1105 1680 locam,
1137 1613 1241 1676 uuum

186 1677 338 1805 utica
352 1678 429 1800 tu·
448 1667 1100 1812 clamitantium
1112 1684 1240 1799 Μ

188 1822 322 1882 tiendum
345 1817 416 1880 qood
435 1815 495 1867 ticri
509 1825 617 1880 posset,
635 1818 660 1866 si
671 1819 909 1887 relinqueretur,
926 1832 991 1871 eam
1001 1820 1096 1870 iocum
1107 1832 1241 1881 praeces-

188 1891 273 1944 sisset
293 1890 320 1937 ct
339 1887 541 1938 eructantem
561 1888 608 1936 vel
629 1887 716 1939 solun
732 1890 821 1941 erant
832 1896 1008 1954 sequeretur,
1023 1900 1240 1953 quemquamne

188 1960 230 2009 cic
257 1955 365 2021 quidem
389 1953 461 2005 satis
486 1963 550 2018 apte
569 1955 716 2018 descriptio
734 1959 936 2009 Aduatucotum
955 1957 1105 2009 intentetur
1112 1973 1122 2022 3
1149 1971 1240 2022 neque

187 2038 258 2078 vcro
274 2025 442 2076 memorant
460 2045 496 2101 τ-
513 2023 689 2075 collocabant
707 2037 769 2076 cum
788 2025 977 2079 Baunstarkio
996 2028 1157 2094 tenendum,
1186 2039 1240 2089 quo

185 2103 298 2161 praeter
310 2093 504 2144 Incommodum
517 2105 552 2143 cx
565 2092 737 2156 sequentibus
750 2096 903 2147 redundans
916 2095 1024 2147 minime
1036 2096 1169 2147 concinna
1180 2097 1240 2150 dis-

188 2162 360 2228 crepantium
377 2170 525 2223 temporum
544 2161 670 2212 iunctura
689 2163 825 2231 efficitur,
855 2166 904 2215 scd
923 2164 1091 2216 munierant
1101 2186 1137 2203 ·-
1149 2168 1240 2216 collo-

187 2234 311 2297 carunt,
332 2232 400 2282 illud
414 2232 497 2293 Bong.
510 2231 542 2279 A.
557 2236 586 2279 et
599 2229 778 2299 reliquorum,
800 2235 851 2284 noc
863 2234 945 2285 vind.
960 2235 995 2284 A.
1014 2241 1044 2284 et
1062 2234 1157 2286 Altini
1174 2235 1240 2286 libri

188 2302 352 2356 auctoritate
371 2299 577 2386 praeterendum
595 2306 623 2349 et
642 2302 784 2374 utrumque
804 2303 838 2351 de
858 2303 1009 2354 conditione
1022 2303 1130 2367 oppidi,
1146 2305 1240 2368 qualis

188 2379 333 2435 antequam
352 2368 455 2420 auxilio
475 2367 587 2417 Nerviis
601 2368 839 2432 proficiscerentur
856 2371 1006 2440 Aduatuci,
1029 2373 1130 2426 edecta
1146 2374 1183 2424 ab
1203 2374 1240 2426 iis

189 2447 282 2505 csset,
298 2437 526 2501 interpretandum
541 2443 593 2485 est.

224 2509 253 2571 s.
265 2513 291 2560 ³.
324 2505 373 2568 iis]
398 2506 456 2558 Pet.
477 2506 550 2558 Gott.
563 2505 645 2557 Voss.
656 2506 690 2557 A.
708 2506 786 2571 ligat.
804 2507 873 2559 Lon.
885 2519 943 2559 sec.
956 2521 1001 2561 cx.
1013 2507 1098 2560 Faba.
1110 2509 1195 2562 Goth.
1208 2511 1240 2562 il.

153 2638 156 2643 ,
190 2578 243 2631 iio.
267 2578 293 2628 is
305 2577 386 2629 Vrat.
397 2576 432 2626 A.
454 2574 511 2626 iiiia
522 2575 602 2625 Vrat.
615 2575 668 2626 Bc.
681 2576 778 2628 Hami-
790 2578 874 2628 Bonn.
899 2576 945 2627 itis
964 2579 1048 2645 Bong.
1065 2581 1099 2630 A.
1117 2580 1167 2631 Dr.
1181 2582 1240 2630 Ait.

189 2650 270 2701 Goth.
284 2644 634 2698 Amicissimum
648 2644 733 2712 ilud,
751 2646 797 2710 qui
811 2645 894 2697 tacito
908 2647 947 2697 iic
962 2647 1092 2699 exhibuit.
1125 2649 1157 2699 ld
1172 2660 1241 2712 pro-

188 2727 252 2785 pter
271 2714 402 2768 rariorem
420 2714 542 2766 codicum
558 2713 734 2777 complurium
746 2726 907 2766 eonsensum
922 2715 1012 2786 tenui,
1029 2715 1178 2769 caesarem
1192 2720 1241 2770 ta-

141 2780 144 2789 '
188 2801 250 2842 men
261 2786 287 2837 ic
302 2783 449 2847 scripsisse
462 2782 594 2845 suspicor.
626 2770 670 2834 of.
683 2783 744 2834 adn.
757 2794 796 2832 cr.
811 2785 845 2833 ad
857 2784 916 2837 c.7
933 2783 959 2843 S.
975 2785 1001 2835 i.

163 2895 166 2900 .
224 2854 374 2908 custodiam
392 2865 428 2903 cx
445 2853 502 2902 suis
522 2863 556 2902 ac
575 2849 724 2913 praesidio]
748 2850 1054 2904 §.neid.A.vind.1i.
1076 2851 1242 2906 comediam

189 2923 412 2990 -praestotam
431 2923 517 2972 codex
535 2919 653 2986 Brantii,
673 2920 816 2988 Siculam,
839 2921 874 2972 N.
893 2921 952 2972 Pet.
971 2923 1041 2987 ch.
1059 2922 1140 2986 Bong.
1153 2923 1239 2975 Alic.

188 2996 267 3047 Leid.
288 2991 342 3044 Bc.
362 2991 423 3042 Pal.
441 2991 518 3053 iigm.
537 2990 608 3038 Lov.
627 2989 702 3040 Gott.
723 2988 1096 3042 ort.1tr.Ait.vrot.Altc.
1112 2988 1242 3043 dotum

188 3063 286 3116 liamb.
305 3063 389 3114 Bonn.
403 3056 455 3111 flu.
467 3057 548 3111 Vind-
562 3058 641 3111 Biiil.
655 3059 715 3111 edd.
735 3059 801 3112 anta
811 3059 882 3112 ven.
894 3060 917 3110 t.
939 3059 1087 3115 custodias
1099 3072 1243 3126 -proc-

208 3227 309 3294 duplici
329 3225 462 3283 citissimo
480 3228 572 3289 muro]
601 3228 629 3279 it.
647 3240 674 3280 e.
716 3239 805 3299 mem,
821 3227 846 3280 si
854 3225 1053 3295 altissimoque
1062 3225 1242 3280 valetoltie-

155 3300 259 3353 duobus
272 3299 356 3351 muris
369 3298 526 3367 altissimis,
548 3310 604 3352 nno
622 3309 674 3350 an·
715 3301 788 3353 simo
807 3298 835 3350 in
853 3299 998 3349 codicibus
1012 3305 1104 3366 essct,
1128 3297 1199 3348 terri
1210 3297 1242 3347 id

155 3370 265 3434 teriore,
278 3369 591 3436 alteronosoeriore,vcl
604 3379 674 3432 qno·
715 3380 821 3432 qnoque
836 3374 939 3432 posset.
973 3367 1018 3418 ct.
1033 3368 1068 3421 ad
1086 3364 1163 3419 cii
1178 3363 1241 3426 §.A

154 3450 260 3501 conque
273 3439 351 3489 modo
363 3437 404 3488 ita
416 3437 529 3502 positis,
554 3443 584 3486 nt
602 3437 674 3488 aitci·
715 3437 816 3488 mauis
843 3434 1037 3503 quietiusque
1068 3434 1243 3486 cadmitis

154 3507 270 3560 alterius
281 3514 346 3570 pars
360 3519 423 3557 esse
434 3508 470 3559 ad
482 3517 595 3568 cumque
608 3516 673 3567 ner·
716 3506 799 3581 dicta.
832 3504 925 3566 ipsum
939 3512 1031 3560 autom
1044 3516 1151 3556 marum
1169 3502 1243 3554 ninii

155 3576 244 3626 tinere
260 3577 409 3627 videretur.
441 3573 571 3626 similiter
590 3575 674 3642 focco
714 3575 771 3626 nisi
794 3575 898 3625 valiant
923 3587 973 3624 seu
995 3584 1123 3640 aggerem
1147 3572 1242 3623 laiss·

155 3645 263 3708 duplex
276 3644 373 3695 dicitur
386 3645 414 3711 7,
429 3646 464 3694 36
477 3639 506 3694 et'
519 3642 546 3706 8,
561 3644 600 3695 9.-
614 3641 674 3694 ita·
715 3654 858 3708 perperam
873 3643 997 3694 nonnulli
1021 3645 1152 3693 statuunt.
1192 3637 1241 3691 ci.

155 3725 208 3776 que
225 3725 292 3774 opus
310 3724 363 3764 non
376 3719 452 3776 crat,
468 3720 499 3761 ut
512 3709 612 3762 diversi
623 3723 675 3775 gc-
715 3725 741 3764 c.
755 3716 789 3762 ³2
806 3711 832 3772 s.
848 3714 879 3761 i:
899 3712 1001 3779 priate,
1022 3722 1110 3776 quom
1120 3717 1242 3760 mam

155 3781 230 3834 neris
244 3782 417 3846 praedicata,
434 3792 545 3844 qnorum
555 3781 675 3834 alterum
716 3781 797 3832 actea
815 3779 973 3843 ottiqiceet.
1006 3781 1120 3831 litante
1131 3790 1241 3830 ntorum

156 3851 193 3901 ad
212 3850 379 3902 altitudinem
392 3856 521 3910 spectans
532 3849 620 3911 nagia
632 3846 675 3899 nci
715 3847 799 3898 ctiam
817 3850 923 3901 fossam
941 3846 1032 3902 {uiam
1049 3848 1089 3900 ilo.
1108 3843 1170 3909 §.A
1189 3846 1241 3898 do-

16 3901 84 3979 ⁸2,
154 3917 326 3971 coniunctum
356 3918 538 3985 cogitaretur,
575 3916 675 3978 copulo
716 3926 817 3970 ocinum
1039 3924 1041 3931 ⁴
1278 3907 1280 3919 '

49 3976 57 4029 Ϊ
68 3955 337 4282 weston.
352 3985 397 4037 Gi.
409 3989 437 4052 3,
453 3991 490 4040 27
504 3997 614 4051 paucae
624 3985 673 4035 ul-

72 4114 76 4124 ,
256 4055 389 4107 notiones
406 4052 481 4121 eti,
498 4055 534 4107 25
550 4066 674 4119 ecpeo-
768 4060 824 4105 tom
842 4047 950 4116 magni]
972 4048 1239 4106 ct.adncr.sie.

221 4128 227 4140 '
268 4125 374 4193 ommis
398 4123 528 4177 amiam
570 4125 674 4187 Quam-
715 4120 1066 4188 278.ttumcoiottct.‘

16 4428 31 4579 i
65 4529 75 4537 .
