2572 4688
144 275 215 348 wi
406 270 481 342 nit
506 268 686 343 sotto
716 266 972 346 o'A-tttco

146 460 345 543 siieosrent,
370 466 412 530 nt
429 459 540 530 ustor
559 462 648 529 muri
668 462 731 530 bea
750 482 849 550 eopse
870 464 1114 533 munimentum
1133 484 1236 554 pess-

148 552 285 634 iterent,
312 571 378 641 qno
399 572 465 617 non
489 549 588 619 modo
611 550 752 631 intrari,
779 548 841 625 sed
862 573 905 618 ne
919 552 1078 642 ,perspici
1120 552 1236 622 uident

107 644 129 711 6
144 646 279 731 posset.
350 634 417 705 His
430 637 532 704 rebus
547 659 621 704 eum
633 637 702 705 iter
714 637 859 722 agminis
873 639 984 707 nostri
995 574 1238 727 impetimur,

144 751 211 799 non
243 724 466 795 omittendum
491 724 561 794 sihi
584 726 762 795 consiliunt
789 723 911 795 Nervii
939 727 1237 803 existimaverunt·

214 884 421 944 munimentum]
444 882 506 934 Pet.
525 884 553 933 s.
571 882 649 935 Leid.
669 884 704 933 A.
728 882 807 935 Goth.
825 887 861 935 A.
882 884 1088 941 meniueentsutt
1100 885 1186 941 vinu.
1200 888 1237 939 A.

142 994 155 1003 ..
179 954 365 1011 munimentis
391 954 475 1015 Bong.
494 954 551 1002 AB.
573 953 655 1003 Voss
674 952 731 1002 ΑΒ.
751 955 828 1019 Egon.
848 955 925 1007 beiti.
943 953 974 1007 0.
994 957 1074 1008 Vrat.
1092 957 1153 1009 stt.
1180 957 1236 1009 Gn.

136 1034 159 1085 ,·
180 1029 266 1079 nonu.
279 1024 335 1074 ine.
355 1022 533 1074 monimenta
545 1021 644 1084 reliqui
658 1022 767 1081 codices
780 1031 808 1072 et
820 1021 895 1074 editi.
927 1024 1102 1089 §iugularem
1119 1032 1150 1077 st
1166 1038 1236 1091 pros

143 1130 153 1141 .
181 1104 244 1160 pter
256 1105 335 1158 eum,
351 1091 398 1155 qni
411 1090 579 1157 praecessit,
596 1092 694 1156 muri,
710 1094 739 1142 ct
751 1090 874 1143 codicum
888 1105 973 1146 consa
984 1094 1113 1158 praetuli.
1133 1095 1236 1153 msti-

134 1216 139 1229 ,
180 1163 287 1217 matu
307 1159 379 1211 enini
397 1159 526 1211 vitiosum
540 1173 604 1211 esst
621 1167 750 1225 upporet,
773 1160 827 1211 nisi
840 1163 911 1214 iorte
924 1170 986 1225 post
997 1175 1079 1227 sepas
1090 1162 1160 1215 ilias
1170 1174 1236 1215 nn-

145 1244 160 1287 .'.
181 1233 302 1287 menta
312 1228 438 1281 habuisse
450 1228 569 1295 Nervios
581 1236 609 1279 et
621 1227 664 1278 iiis
676 1229 756 1279 nestri
766 1230 875 1299 instar,
891 1232 917 1283 is.
930 1243 956 1283 ο.
967 1226 1235 1298 tamquam'wmm,

179 1299 342 1368 praebuisse
353 1312 433 1361 sepes
445 1302 542 1363 putas,
559 1300 628 1363 qnod
643 1297 761 1360 ineptus
773 1301 827 1351 est
938 1312 941 1319 ·

215 1382 270 1422 non
282 1370 359 1419 modo
373 1368 484 1428 intrari]
501 1367 610 1419 codices
622 1367 726 1417 Brantii
737 1374 767 1418 et
777 1365 890 1436 schotti,
906 1366 983 1421 Leid-
994 1367 1052 1421 AB.
1064 1370 1136 1421 Iaov.
1146 1370 1234 1434 sung.

145 1466 150 1497 2
180 1436 214 1491 0.
234 1440 295 1490 Psi.
314 1438 400 1489 Dorv.
413 1438 497 1488 Voss.
518 1436 549 1489 c.
568 1436 616 1487 Dr.
635 1436 666 1485 B.
679 1437 759 1488 Vtut.
778 1436 810 1489 c.
828 1438 925 1489 iienb.
940 1439 1021 1490 Goth.
1035 1439 1100 1489 Bet
1110 1450 1178 1493 an.
1188 1452 1233 1503 pr.

144 1546 152 1557 .
179 1510 217 1561 A.
236 1508 297 1559 eid.
315 1514 380 1559 ante
397 1505 469 1559 ven.
488 1504 511 1557 i.
540 1517 599 1557 noa
612 1505 696 1557 motio
707 1518 766 1557 nos
778 1507 892 1558 intrari
903 1509 988 1573 Bong.
998 1510 1032 1559 A
1045 1520 1108 1560 cunt
1119 1507 1235 1573 relique

142 1616 149 1625 .
178 1578 259 1629 com.
280 1575 366 1642 ond„
390 1575 453 1629 Par.
470 1576 506 1627 A.
525 1573 574 1625 Dr.
591 1578 627 1625 A.
645 1575 725 1626 Vrat.
747 1576 804 1625 AB.
823 1576 907 1627 Vinii.
925 1577 981 1627 AB.
999 1578 1083 1629 iionn.
1104 1576 1179 1629 Rev.
1197 1581 1234 1629 A.

178 1646 252 1699 ven.
265 1644 286 1695 i.
300 1653 352 1696 ete.
369 1656 454 1707 usque
468 1646 502 1695 sd
515 1642 673 1709 Giarkiutn,
690 1644 736 1707 qui
748 1646 865 1696 aiterum
876 1657 935 1695 uon
946 1646 1057 1697 delevit.
1087 1646 1123 1697 ln
1134 1660 1169 1697 re
1181 1648 1235 1699 tin·

145 1742 157 1771 .·
179 1714 244 1783 bia,
266 1726 328 1766 curn
347 1713 469 1764 codicum
489 1713 560 1764 alies
580 1712 817 1780 consentientium,
840 1721 870 1763 nt
890 1714 968 1765 Leto.
986 1718 1022 1765 A.
1042 1720 1071 1765 et
1083 1714 1167 1767 Vini.
1186 1718 1233 1783 A,

180 1783 363 1846 discrepantia
380 1781 508 1833 librarios
527 1784 553 1832 b.
571 1783 590 1833 1.
608 1781 697 1845 magis
715 1795 765 1845 pro
776 1782 903 1851 arbitrio,
924 1796 1006 1847 quern
1019 1796 1055 1835 ex
1065 1784 1122 1835 fitis
1138 1784 1234 1850 egisse

143 1878 157 1907 .·
179 1862 296 1918 ussat,
321 1864 382 1903 cum
402 1850 515 1903 clerkio
533 1860 562 1901 et
573 1865 631 1915 sqq.
645 1850 797 1902 editoribus
810 1851 980 1919 iopraetaii,
1004 1855 1073 1917 qnod
1083 1852 1154 1905 fulsi
1167 1866 1235 1917 spe-

138 1968 148 1989 ,
179 1924 224 1979 ote
237 1920 347 1974 facilius
359 1921 388 1970 in
401 1921 526 1971 isannem
539 1921 669 1971 inducere
681 1920 807 1974 librarios
821 1924 945 1988 poteret,
968 1920 1083 1974 cessari
1094 1934 1165 1975 vero
1174 1925 1234 1975 isi-

144 2040 148 2047 ,
179 2004 242 2043 sum
261 1991 351 2039 visum
369 2001 422 2038 non
440 2001 502 2038 esse
521 2001 556 2038 ex
575 1994 608 2053 3,
626 1990 645 2039 4
660 1989 833 2053 intelligitur-t
849 2002 886 2041 uc
897 2003 956 2040 nott
967 1992 1050 2041 morlo
1064 1990 1233 2059 defessum

177 2073 278 2127 pepon
298 2058 470 2122 secedendi,
491 2058 542 2108 seri
562 2058 718 2109 nesactio
739 2059 854 2124 quaem
866 2058 914 2109 eut
932 2060 1235 2127 recipiendipenitus

142 2176 148 2187 ,
179 2130 316 2183 dabutur.
351 2127 394 2177 Gi.
407 2126 439 2191 8,
459 2129 510 2176 33:
528 2138 601 2191 quoe
614 2126 829 2189 (impedimenta)
846 2128 1065 2182 serenantem
1078 2131 1234 2197 turpasset·

179 2199 304 2255 trabere
317 2196 513 2261 canerentur,
530 2195 659 2262 effupere
671 2206 729 2247 nort
741 2200 826 2249 modo
837 2199 1014 2265 equitptam,
1029 2198 1082 2251 sed
1091 2212 1130 2251 sse
1140 2200 1234 2266 lepte·

179 2280 232 2319 stes
253 2268 366 2333 quidem
385 2266 512 2329 possent.
545 2267 634 2328 Atque
654 2265 697 2314 his
717 2268 746 2317 et
765 2268 1140 2321 buiusrnodilooisrationsm
1151 2269 1234 2321 entit-

180 2338 280 2389 tendae
298 2333 450 2398 negationis
464 2336 534 2383 benc
546 2334 635 2383 inisse
647 2332 825 2396 scriptoribus
838 2336 1018 2405 perspicitur,
1041 2339 1112 2402 queo
1125 2350 1187 2391 esra
1202 2338 1233 2389 in
1264 2360 1268 2368 ·

143 2445 147 2455 .
180 2408 235 2461 tine
254 2408 359 2456 dentum
378 2403 462 2452 verbo
482 2401 557 2452 inito
577 2402 693 2454 audituri
706 2404 746 2454 ita
758 2412 868 2472 essent,
892 2413 923 2456 ut
936 2409 972 2458 ad
982 2406 1059 2470 prius
1072 2406 1234 2469 paritsrat-

143 2512 148 2519 .
180 2489 235 2541 qne
253 2476 288 2527 sti
307 2471 444 2539 posterius
463 2471 541 2521 verbi
559 2471 635 2524 illius
648 2473 696 2522 vel
709 2473 841 2526 obiectum
856 2475 904 2524 vel
918 2477 1134 2539 supplementum
1145 2476 1234 2541 perti-

143 2592 149 2605 ,
179 2551 274 2608 neret3
296 2543 368 2608 qnod
385 2553 447 2591 cum
467 2540 577 2602 proinde
598 2543 741 2606 utrumque
760 2556 856 2595 curere
872 2545 1017 2607 negatione
1036 2544 1136 2608 quippe
1153 2553 1233 2609 post-

143 2650 147 2657 .
179 2616 287 2671 modurn
308 2608 431 2683 addenda
448 2623 499 2673 par
518 2618 608 2678 esset,
631 2611 767 2673 posterius
789 2620 879 2664 tamen
897 2612 977 2677 qussi
997 2626 1033 2664 ex
1050 2612 1153 2665 vicinia
1170 2627 1235 2667 eant

179 2686 215 2737 aii
236 2697 268 2733 se
288 2681 422 2733 trahebat.
461 2681 557 2743 itaque
575 2691 625 2743 pro
644 2693 702 2732 nost
720 2681 804 2732 modo
823 2680 957 2749 s'otrurt',
979 2684 1032 2733 sed
1048 2694 1086 2735 tes
1101 2685 1235 2749 permeet

143 2792 147 2799 .
180 2753 297 2821 quidem
315 2750 436 2815 poterat
454 2750 563 2813 proprie
580 2748 721 2801 &cendum
738 2758 799 2802 erat
811 2776 848 2789 ·-
859 2753 911 2803 sesi
925 2750 1014 2804 etium
1024 2751 1155 2817 perspici
1172 2766 1233 2804 nors

178 2823 307 2890 poterat.
341 2820 386 2870 Sic
400 2818 461 2871 tieri
473 2825 597 2883 poterat,
611 2827 708 2870 utnon
721 2821 805 2870 motio
816 2832 866 2883 pro
877 2834 936 2872 non
947 2823 1030 2873 modo
1044 2834 1102 2872 nott
1113 2822 1234 2885 positum

179 2893 321 2943 videretur
338 2889 472 2951 etiamque
484 2888 522 2937 ibi
537 2897 698 2952 poneretur,
720 2890 766 2938 ubi
779 2891 850 2941 ratio
864 2902 917 2941 non
930 2892 1113 2957 pemitteret,
1135 2903 1234 2953 quean-

143 2998 150 3007 .
180 2962 321 3015 mnodum
336 2957 445 3009 olivio
463 2957 565 3008 fectum
578 2963 622 3006 est
635 2970 695 3007 cum
710 2958 791 3022 olibi,
809 2967 865 3010 tum
878 2957 928 3026 2⁵,
946 2963 996 3012 26:
1018 2960 1169 3025 postremo
1186 2960 1235 3012 ita

179 3027 366 3083 assuetudine
387 3025 457 3077 mult
469 3026 668 3093 efferaverant
680 3027 807 3092 animos,
825 3030 861 3081 ut
875 3041 933 3079 nors
945 3029 1029 3079 modo
1040 3029 1172 3081 lacrmis
1184 3030 1234 3080 ist-

179 3103 282 3165 stoque
307 3098 488 3161 comploratu
511 3098 764 3160 prosequerentur
788 3099 937 3167 mortuos,
959 3098 1013 3148 seri
1028 3110 1066 3149 ss
1085 3099 1234 3165 efferrent

180 3169 295 3235 quidem
317 3169 369 3217 out
395 3166 561 3230 sepelirent.
605 3164 732 3215 Ceterum
749 3177 803 3217 non
822 3167 928 3232 dubito,
949 3166 1016 3230 quin
1034 3167 1150 3230 vulgata
1166 3170 1234 3219 ants

178 3237 319 3289 Giarkium
339 3235 474 3297 scripturo
491 3248 560 3286 vera
571 3246 635 3284 csse
649 3235 744 3295 possit.
778 3235 821 3286 cf.
836 3233 955 3298 numptii
970 3234 997 3297 S.
1010 3234 1065 3290 7²4
1080 3244 1110 3287 et
1123 3244 1235 3301 partem

180 3319 286 3370 eorum,
303 3317 372 3367 quae
385 3304 579 3354 iiamsbornius
592 3317 618 3366 p.
631 3303 701 3367 836,
719 3316 744 3353 c.
759 3305 905 3368 congessit·
1107 3306 1112 3317 '

147 3416 152 3423 .
214 3377 322 3440 posset]
347 3373 428 3423 Vini.
441 3375 482 3423 Ἀ.
503 3375 573 3424 iiev.
593 3375 627 3422 A.
647 3374 726 3423 Goth.
744 3373 780 3422 A.
801 3386 863 3423 cunt
881 3373 940 3423 edd.
956 3379 1019 3423 ante
1031 3372 1100 3424 0uti.
1116 3380 1235 3436 excepta

179 3442 235 3497 inc.
269 3443 302 3492 in
321 3442 399 3493 Goth.
420 3441 450 3489 ii.
471 3442 534 3493 Pul.
553 3440 889 3503 supposuissemus
911 3443 1015 3507 „MSS-
1027 3440 1109 3505 longe
1121 3439 1234 3505 pinnini

179 3522 208 3565 et
228 3513 295 3564 Eoo.
314 3511 390 3561 Vett.
412 3508 569 3573 quaedem“
590 3510 682 3575 possit
702 3510 843 3575 exhibent,
866 3512 936 3574 quod
955 3524 998 3560 ex.
1012 3510 1097 3563 Fabr-
1112 3511 1142 3563 in
1155 3510 1233 3563 (iott.

72 3634 75 3641 ,
177 3585 256 3644 Egm.
276 3583 344 3631 Lot.
364 3580 429 3645 tn,
452 3574 635 3642 Elberlingius
648 3579 677 3629 in
690 3581 733 3630 ed.
749 3579 802 3630 inc.
816 3581 872 3643 legi
886 3583 1038 3647 testantur,
1056 3590 1107 3642 ego
1120 3579 1150 3631 in
1161 3579 1234 3631 reii-

177 3654 240 3716 quis
259 3650 327 3701 meis
344 3649 466 3699 onmibns
485 3648 586 3699 iuveni.
620 3648 652 3697 iu
671 3649 739 3700 0ud.
760 3662 901 3712 perperam
913 3648 1027 3710 recepit.
1060 3649 1132 3699 Nata
1143 3660 1234 3713 nsque

178 3734 214 3771 ex
228 3720 353 3783 illorum,
369 3718 418 3782 qai
430 3729 494 3769 rem
507 3718 692 3791 deserebant,
711 3720 817 3769 ratione
830 3721 881 3769 boe
893 3719 1028 3781 refertur,
1045 3729 1144 3785 nque,
1161 3730 1234 3782 quse

178 3791 269 3842 altera
279 3788 355 3838 iliius
368 3787 538 3854 coniunctiyi,
547 3787 708 3850 significatio
719 3783 786 3838 essa'
796 3791 902 3851 potest,
919 3799 980 3837 cum
993 3785 1159 3843 dubitatione
1177 3787 1236 3839 ali-·

146 3900 151 3907 .
179 3871 234 3922 qua
252 3871 270 3910 a
290 3856 424 3919 scriptore
443 3856 613 3922 enuntiatur,
638 3857 688 3906 sed
707 3855 784 3922 eins,
807 3859 877 3920 quod
890 3855 987 3907 Nervii
998 3856 1163 3923 effecerant,
1180 3857 1235 3907 sle-

179 3925 354 3990 scriptionern
368 3925 486 3976 absolvit
499 3924 611 3989 ideoque
624 3932 730 3989 tenipus
743 3925 831 3993 idem,
848 3927 917 3990 qnod
930 3924 1124 3992 praetereat,
1137 3924 1234 3990 mui-

178 3995 225 4049 rit.
260 3994 303 4045 ci.
316 3995 378 4044 adn.
393 4006 432 4043 cr.
445 3997 480 4043 od
493 4007 518 4044 c.
534 3996 568 4049 18
586 3993 614 4056 S.
627 3999 654 4047 2.
675 4003 676 4006 ’
781 3990 785 3998 “
1023 4012 1027 4021 ·
1212 3997 1214 4000 ⁴

213 4063 242 4125 s.
262 4064 288 4116 5.
333 4062 570 4122 existimaverunt]
604 4058 842 4116 esistimueeriut
867 4059 939 4115 Ven.
965 4061 987 4113 t.
1019 4059 1235 4115 sustentasset

139 4202 144 4214 Ι
180 4132 277 4187 iiemb.
306 4132 525 4188 autoraverunt
543 4134 627 4200 itong.
646 4135 682 4186 A.
701 4134 750 4186 Dr.
768 4133 799 4185 Β.
825 4133 1059 4187 oesiituaueruut
1075 4132 1233 4199 Pet-,Egon
