2572 4688
152 274 222 347 108
305 331 308 335 ,
409 268 482 337 DE
509 266 691 337 BELLO
721 264 971 340 (intuito

154 480 240 549 quoe
253 478 295 526 ex
313 457 514 548 omnicopia
526 454 651 541 singuli
663 457 815 543 singulos
829 478 913 525 eune
926 456 1050 527 salutis
1063 476 1168 526 cauea
1182 456 1238 527 de·

37 565 40 573 ’
108 550 317 654 dlogerent.
364 546 472 651 'cunr
493 547 548 613 bie
564 547 601 649 in
622 547 762 651 prpuliip
784 546 1025 653 versabantur,
1055 544 1101 612 ad
1124 568 1185 613 ece
1201 568 1238 615 ee

151 630 1240 809 ittitriti’gttiitlitiititlptitqiitttttisstt

107 821 131 883 ’1
151 808 411 877 umeietebant:
462 808 508 872 ei
530 828 597 897 quo
616 815 692 872 eret
713 809 846 891 longine
859 808 1091 895 prodeundum
1107 814 1171 876 ant
1185 832 1240 877 ce-

150 899 261 967 lerius
281 893 530 998 recipiendum,
555 901 651 961 tauta
666 901 740 960 erat
758 897 877 960 horum
894 898 1137 964 exercitatione
1151 898 1238 963 eele-

151 987 258 1062 ritas,
290 989 331 1048 ιιι
352 981 443 1047 inhia
463 1002 624 1068 equorum
644 981 812 1049 sublevati
836 1004 971 1049 cursum
995 984 1254 1073 adaequarent..

150 1076 207 1144 to.
235 1070 308 1143 vti
324 1070 542 1163 eum-caetris
564 1091 602 1137 sa
623 1076 737 1137 tenere
751 1067 877 1138 Caesar
890 1071 1077 1157 intellexit,
1104 1094 1149 1141 ue
1162 1071 1239 1140 diu·

222 1266 295 1328 §.a
321 1268 371 1319 -ud
392 1267 456 1327 eos]
478 1266 579 1331 „MSS.
597 1263 675 1317 multi
694 1273 722 1316 et
740 1265 808 1317 Edd.
828 1262 932 1318 vett⁴‘
954 1268 1038 1333 Bong.
1057 1269 1093 1319 A.
1115 1266 1166 1319 Dr.
1181 1267 1238 1319 AB.

160 1388 165 1401 ,
184 1334 267 1391 Vrat·
279 1336 358 1387 Alic-
372 1337 452 1389 Goth.
465 1340 522 1386 AB.
536 1335 617 1387 vind.
631 1334 728 1386 Anci.
740 1335 793 1385 tin.
808 1336 890 1387 Bonm
906 1336 959 1387 inc.
970 1346 1000 1388 et
1016 1338 1079 1389 rell.
1091 1338 1154 1388 edd.
1174 1339 1238 1389 ente

185 1408 219 1459 Ρ.
238 1410 327 1472 Mam,
349 1407 396 1469 qni
413 1406 452 1457 ud
469 1406 522 1457 tos
541 1405 668 1472 scripsit,
692 1405 762 1466 quod
781 1418 867 1469 nsque
887 1408 973 1457 adhuc
987 1414 1123 1459 retentum
1135 1413 1179 1455 est
1190 1405 1238 1469 ite,

164 1479 219 1541 ,ιιι
236 1477 270 1527 ab
289 1474 332 1525 iris
350 1476 443 1525 vernia
465 1474 647 1537 particulatim
666 1472 785 1523 describi
805 1473 918 1539 incipiat
936 1475 979 1540 id,
1001 1478 1072 1539 quod
1084 1474 1238 1526 summatim

176 1544 369 1609 ,nigrificatnm
381 1550 425 1595 est
437 1546 529 1594 verbis
542 1557 607 1595 corn
620 1542 665 1592 bie
674 1541 710 1591 tn
721 1543 842 1606 prositis
854 1544 1065 1609 versabantur,
1090 1552 1239 1607 portenae

175 1616 269 1666 ¹coion
287 1620 399 1677 ponunt.
432 1614 486 1663 Sed
505 1614 532 1663 ei
550 1612 650 1665 rationi
663 1612 769 1675 obstat,
787 1614 856 1676 qnod
868 1614 1157 1665 vernioaraataatcr
1169 1613 1238 1665 aub-

187 1682 287 1733 ieetum
309 1683 379 1733 band
398 1682 477 1732 dtrbie
497 1691 540 1732 cst
559 1682 684 1746 equites,
709 1681 780 1742 quod
798 1685 846 1732 ant
864 1684 985 1743 proxime
1002 1684 1071 1733 iilud
1085 1683 1166 1750 poni,
1190 1684 1238 1734 aut

183 1753 293 1805 omnino
311 1750 397 1811 omitti
415 1754 463 1803 aut
482 1750 520 1803 ita
534 1749 663 1803 collocari
676 1750 805 1814 debebat,
820 1758 851 1801 nt
864 1751 954 1814 aliquo
966 1760 1058 1803 temen
1068 1754 1147 1803 modo
1161 1752 1238 1817 illuc,

185 1833 239 1885 quo
259 1832 327 1881 opus
349 1828 439 1885 esset,
461 1822 560 1871 reterri
578 1821 679 1881 posset.
720 1813 817 1880 ltaque
830 1818 933 1869 minore
946 1820 1161 1882 interpunctione
1176 1831 1238 1883 post

184 1889 380 1941 narrabantur
394 1888 535 1955 utendum,
550 1901 605 1951 qno
617 1889 690 1940 tecto
703 1886 814 1951 equites
824 1888 878 1937 etsi
890 1901 943 1941 uou
954 1890 1102 1961 facillime,
1117 1896 1238 1959 etpcerta

185 1958 299 2015 incitine
320 1964 349 2005 ct
368 1958 512 2009 secundnm
531 1955 803 2025 condemnationem,
818 1968 899 2020 quam
910 1970 935 2007 c.
949 1956 985 2011 24
1000 1957 1059 2018 §.1
1072 1959 1237 2011 observeri-

184 2020 265 2089 lnne,
288 2036 307 2075 a
325 2024 475 2084 posteriore
494 2026 579 2074 verbo
598 2027 634 2075 ad
654 2024 730 2085 prius
748 2025 848 2073 reterri
866 2032 964 2085 potest.
997 2026 1127 2079 Adhibita
1146 2030 1238 2078 autem

185 2092 400 2153 interpunctione
418 2093 521 2145 minore
542 2106 590 2145 eoa
607 2093 711 2143 nnllam
730 2090 903 2143 mensionem
921 2092 1013 2144 lebet.
1046 2091 1175 2147 Ceterum
1191 2095 1237 2145 vi-

186 2160 303 2211 dendum
320 2160 379 2226 ae't,
402 2173 439 2211 an
459 2160 501 2210 bic
519 2162 596 2210 iocne
617 2159 657 2210 sic
677 2158 766 2221 potlns
783 2159 939 2224 interpuugi
954 2162 1068 2212 debeat:
1092 2162 1238 2229 reptatam

160 2234 163 2241 '
186 2228 267 2283 mitia
281 2232 369 2281 erant
380 2241 451 2282 oea:
473 2230 594 2283 totidem
605 2239 726 2285 numero
737 2228 868 2294 pedites,
890 2229 1064 2281 velocissimi
1074 2243 1112 2283 nc
1127 2233 1237 2301 furtis-

166 2290 271 2365 ''etmt,
295 2311 365 2362 quoe
378 2310 416 2348 em
429 2298 507 2349 omni
520 2298 602 2370 copie
614 2298 721 2363 strepeti
732 2296 860 2363 eiopnioa
873 2311 944 2349 suae
956 2300 1061 2353 raiatia
1075 2311 1165 2353 cansa
1183 2301 1236 2353 de-

183 2370 329 2435 teperant,
345 2380 411 2419 enno
424 2367 470 2421 tio
484 2368 515 2421 tn
525 2366 646 2435 proeliis
660 2367 864 2420 versabantur.
897 2368 943 2419 Ad
955 2380 1002 2421 eos
1015 2382 1047 2421 te
1060 2370 1173 2437 equitet
1184 2383 1236 2422 re-

186 2440 215 2491 ci
235 2436 344 2487 rebmt:
360 2436 391 2491 bi
402 2445 455 2487 eto.

213 2451 247 2557 'zi
260 2505 305 2569 qni
318 2504 515 2565 -decideret1
542 2502 670 2555 codicum
683 2515 790 2570 eornm,
814 2501 860 2569 qui
877 2502 1027 2557 deciderat
1039 2505 1155 2569 babent,
1174 2518 1237 2559 ma-

186 2587 243 2643 gna
256 2586 321 2637 pers
333 2573 424 2633 (Laid.
438 2576 474 2631 A.
486 2574 545 2629 Pet.
557 2574 633 2639 Egm.
647 2574 695 2625 Dr.
703 2574 822 2624 mvtat-
836 2574 983 2624 Aibvind.
997 2575 1055 2626 AB.
1068 2574 1122 2625 Gn.
1136 2576 1237 2636 Boon.)

162 2648 168 2661 '
186 2643 270 2711 dab,
285 2654 379 2695 torum
391 2646 478 2707 tero,
493 2642 521 2693 iu
533 2644 629 2707 qrribus
643 2642 692 2708 qni
702 2649 808 2708 exstat,
826 2644 897 2693 iraud
908 2643 988 2705 pauci
1000 2643 1174 2696 deciderent
1186 2660 1238 2696 ex-

184 2712 293 2775 hibent:
315 2712 430 2775 vulgata
448 2721 498 2774 per
515 2710 584 2769 Qud.
598 2713 734 2775 scriptura
744 2722 763 2761 a
776 2723 818 2760 me
831 2713 935 2762 tentum
946 2712 974 2761 in
987 2713 1103 2778 tiemb,
1119 2715 1154 2765 ab
1166 2714 1236 2766 (iud.

176 2776 307 2843 'temese
318 2780 347 2833 iu
359 2782 443 2845 liung·
453 2782 485 2831 Β.
498 2772 570 2845 Ldv,
578 2780 662 2832 Voss.
675 2776 711 2831 Ἀ.
725 2788 753 2831 ot
765 2779 815 2828 01.
828 2778 941 2829 inventa
955 2789 1006 2831 est.
1039 2782 1237 2834 Nihilominus

185 2863 249 2903 eam
267 2850 433 2903 retinendam
456 2848 569 2917 putavi,
602 2862 664 2899 cum
682 2856 710 2898 et
730 2861 782 2911 per
801 2859 832 2895 ee
850 2856 972 2910 praestet
988 2850 1105 2914 reliquie
1129 2852 1236 2903 duabus

186 2921 228 2980 (ct
246 2918 296 2985 pat
313 2919 500 2986 deciderant,
522 2928 592 2987 quat
610 2925 674 2969 auto
694 2918 762 2967 Oud·
775 2918 889 2980 vulgata
899 2918 975 2984 erat,
997 2926 1026 2968 et
1038 2921 1065 2969 m·
1077 2918 1143 2985 quit
1154 2921 1238 2973 aect-

187 2990 291 3051 deret,
314 3000 393 3057 quam
412 2986 504 3049 steps.
516 3000 577 3041 curn
594 2985 771 3037 increentur
786 2990 844 3046 est)
861 2994 889 3036 et
904 2986 1035 3052 originem
1048 2990 1115 3041 dare
1127 2991 1235 3057 utrique

187 3056 272 3109 multo
284 3056 409 3126 facilins,
424 3070 504 3122 quem
516 3069 551 3107 ex
562 3056 696 3111 alterutra
706 3055 771 3109 oriri
783 3054 909 3121 potnerit.

207 3227 236 3290 S·
255 3230 283 3279 6.
329 3227 579 3292 circumsistebant]
612 3232 674 3282 Nou
768 3229 795 3291 8.
815 3231 842 3283 7.
884 3226 1080 3295 recipiendum]
1102 3231 1237 3294 ltxempla

152 3306 257 3363 pugnat
270 3301 320 3349 hoc
334 3312 395 3350 cnm
407 3312 456 3367 eo,
478 3302 549 3363 qnod
570 3298 672 3364 singuli
715 3300 819 3364 aliquot
840 3306 867 3347 et
887 3300 981 3350 omissi
997 3309 1026 3350 et
1038 3298 1122 3352 additi
1136 3302 1173 3363 ad
1186 3302 1236 3355 boc

152 3367 322 3431 singolorum
342 3369 441 3419 euntia
463 3381 550 3421 cansa
574 3369 672 3419 deiecti
714 3368 872 3435 gerundium
884 3369 1047 3430 pronominis
1057 3369 1185 3421 retexiri
1195 3370 1238 3419 ei-

152 3436 293 3500 dicuutur,
317 3449 397 3499 quam
417 3437 506 3499 ipsam
525 3446 672 3490 consanta-
714 3437 855 3503 guittarit
875 3439 996 3489 Hetdtea
1015 3439 1050 3491 ad
1065 3437 1129 3491 Gir.
1141 3443 1175 3503 3,
1192 3437 1236 3491 at.

152 3518 235 3557 neum
248 3512 291 3554 eet
310 3504 338 3554 in
357 3507 487 3575 proeliis,
511 3508 672 3569 praesertim
714 3509 769 3559 sed
783 3508 852 3571 quod
864 3505 901 3557 ibi
913 3507 1014 3571 legitur
1037 3506 1150 3574 (vemt,
1169 3508 1237 3572 qai-

153 3588 216 3629 cnm
241 3576 430 3626 venementius
448 3579 478 3627 et
495 3576 590 3627 maiori
612 3589 673 3626 cnm
714 3578 765 3628 intr
795 3576 960 3628 necessario
995 3576 1237 3631 committen-

153 3643 277 3707 pericuio
290 3647 454 3708 pugnaretur
469 3646 510 3704 (ri
522 3645 590 3711 qaid
604 3648 674 3697 erat
705 3647 796 3713 ,dam
819 3645 1017 3707 existimabat)
1039 3658 1095 3697 nou
1113 3646 1237 3696 eiusdem

151 3712 292 3777 durinc),
315 3725 368 3762 non
387 3713 470 3764 tacite
488 3727 507 3766 a
525 3715 673 3778 singulari·
715 3715 825 3780 generis
860 3723 920 3781 est,
959 3727 1022 3765 eum
1053 3713 1237 3766 committere

151 3782 354 3842 hnepraeetnri
370 3783 501 3844 potuisse.
536 3784 632 3847 ltaque
645 3784 675 3835 in
715 3784 935 3835 etiamabsolnte
952 3784 1008 3836 dici
1027 3783 1133 3853 possit,
1156 3784 1236 3838 reci·

152 3849 285 3900 eiusmodi
298 3862 365 3901 casn
377 3851 485 3902 duriore
496 3853 589 3915 plnres
603 3864 674 3902 con·
715 3863 852 3920 pereuou
866 3852 940 3904 item.
1114 3858 1119 3867 “

153 3918 329 3981 currebant,
352 3919 416 3981 qnia
428 3918 673 3984 plnrespcriciita-
724 3954 728 3961 -
815 3952 820 3961 ·

154 3990 268 4052 bantur,
301 3996 328 4038 et
355 3987 384 4038 in
410 3992 503 4042 salute
530 3992 574 4041 eui
598 3991 674 4054 qnia·
768 3993 847 4041 tauta
865 3992 974 4040 erat·-
987 3987 1134 4051 celerina]
1163 3990 1192 4040 b.
1212 4001 1238 4039 e.

51 4108 57 4123 ,
153 4054 316 4122 quecquitia
330 4058 675 4114 conservandeconiuncta
717 4066 821 4111 tentem
847 4060 1018 4111 celeritatem
1043 4057 1240 4112 exercitatione

155 4134 240 4191 opera
252 4126 406 4177 utebantur.
718 4124 903 4196 temperatam
918 4129 1105 4193 presentant
