2572 4688
448 257 801 337 rnnuusrlo.
938 292 940 305 ·
1070 282 1170 336 xxvu

79 447 243 518 traducta
257 446 485 518 Romanorum
501 450 604 519 sociis
618 446 774 520 Haeduis
787 448 927 518 devietis
939 443 1029 519 inter
1041 449 1174 544 Sequa-

80 576 144 621 nos
165 555 396 637 consedisset,
426 557 481 624 oui
496 557 557 645 qui
571 562 729 644 praeerat
742 557 962 639 Ariovistus,
983 559 1051 624 etsi
1069 561 1173 646 paulo

83 666 161 726 ante
184 662 316 749 etipse
339 658 485 728 Caesare
506 660 643 727 consule
667 662 699 726 si
719 659 830 726 minus
847 666 985 745 agente,
1007 668 1043 728 at
1057 685 1175 731 conee-

83 763 185 830 dente
201 771 294 830 eerte
308 784 365 832 rex
382 772 418 832 et
432 763 559 831 amicus
573 786 591 830 o
605 772 725 830 senatu
741 764 945 852 appellatus,
967 771 1079 832 tamen
1093 788 1175 856 pro-

84 871 256 935 consulem
280 876 320 935 ut
341 890 402 959 pro
421 869 521 935 boote
542 866 700 949 baberet,
729 866 860 955 impelli
875 862 974 954 possa
990 865 1176 940 videretur.

86 969 165 1038 Alii
187 977 367 1061 propterea
386 972 568 1059 optimates
582 970 754 1038 faciliores
769 992 807 1036 se
822 968 964 1040 Caesari
976 970 1177 1058 praebuisse

86 1075 292 1156 existimant,
311 1073 403 1162 quod
416 1076 490 1163 ipse
504 1073 655 1141 oratione
668 1075 713 1163 Q.
726 1072 881 1169 Consilii
896 1072 1087 1142 admoneas
1105 1096 1177 1142 mo·

87 1176 239 1245 ‹leretius
256 1199 355 1265 ogere
370 1178 549 1265 coepisset.
591 1176 791 1247 Considium
805 1178 894 1243 enim
914 1198 1049 1264 gravem
1065 1185 1178 1246 aetate

87 1291 293 1364 senatorem,
316 1302 391 1347 eum
405 1280 599 1368 infrequens
613 1279 755 1350 Caesari
767 1281 861 1347 eurio
876 1286 986 1364 esset,
1008 1302 1178 1350 armorum

88 1392 122 1452 et
143 1386 291 1453 militum
312 1392 446 1451 terrore
467 1387 593 1453 multos
614 1383 788 1473 prohiberi
809 1384 955 1466 dixisse,
989 1385 1179 1474 interroga-

90 1495 248 1578 tumque,
271 1509 333 1556 our
352 1488 459 1572 igitur
479 1510 546 1556 non
565 1487 641 1576 ipse
664 1496 798 1575 quoque
817 1509 857 1554 eo
880 1494 1012 1555 terrore
1031 1490 1180 1558 sodomi

90 1594 298 1669 contineret,
319 1598 524 1658 senectutem
542 1592 608 1658 sibi
623 1590 819 1658 securitatis
833 1597 968 1658 causam
983 1614 1075 1674 osse,
1093 1616 1181 1682 quo-

91 1696 179 1763 niam
195 1695 372 1781 exiguum,
394 1693 486 1782 quod
501 1701 713 1781 superesset,
735 1693 825 1759 vitoe
840 1715 940 1761 curae
953 1716 1019 1762 non
1033 1698 1179 1765 multum

91 1800 300 1888 requireret,
324 1797 544 1886 respondisse
566 1795 771 1865 Plutarchus
794 1803 931 1878 narrat,
965 1803 1002 1864 et
1027 1802 1181 1868 oratione

92 1902 273 1970 fortissimi
294 1901 404 1984 senis,
440 1901 486 1988 Q.
508 1900 679 1982 Considii,
707 1899 860 1983 eaedem,
888 1923 989 1988 quam
1014 1901 1114 1973 modo
1133 1905 1182 1972 ti·

94 2006 278 2086 muissent,
311 2003 499 2072 discussam
525 2003 644 2074 Cicero
668 2024 787 2093 mense,
805 2002 929 2071 Sextili
951 2006 995 2074 ael
1019 2008 1182 2077 Atticum

95 2111 226 2179 scribit.
271 2107 368 2196 Quae
386 2130 506 2197 parum
527 2109 624 2175 firma
637 2115 717 2174 eunt
728 2107 938 2176 coniecturae
953 2111 1183 2184 fundamenta.

94 2212 254 2285 ceterum
275 2233 342 2278 non
363 2212 464 2280 iacils
485 2233 544 2294 eo,
569 2210 661 2300 quod
681 2212 817 2279 caedem
837 2215 1047 2297 remitteret,
1068 2216 1116 2304 (si
1131 2223 1184 2283 ta-

95 2339 169 2386 men
191 2338 339 2405 unquam
360 2314 402 2383 de
425 2315 527 2384 caede
548 2318 756 2403 eogitaveret
776 2325 812 2382 et
831 2339 897 2385 non
916 2338 1022 2384 vanus
1044 2317 1109 2385 lete
1126 2316 1184 2387 ci-

96 2423 209 2491 ceroni
224 2429 259 2488 et
276 2419 478 2509 quibusdam
498 2420 709 2488 meticulosis
725 2420 873 2487 fortasse
887 2419 1057 2509 praesidio
1074 2443 1185 2488 arma·

96 2535 208 2593 torum
238 2524 363 2592 eir-oum
393 2523 521 2590 curiam
551 2524 665 2612 posito
688 2522 851 2591 adversus
873 2523 1036 2608 insidias,
1064 2529 1185 2614 qualos

96 2629 258 2721 Pompeio
286 2628 376 2695 strrfi
397 2628 472 2715 ipse
491 2624 639 2695 Bibulus
662 2649 775 2693 mense
797 2628 889 2694 Maio
912 2636 1105 2711 monuerat,
1132 2630 1187 2696 in·

97 2736 206 2802 iectus
228 2719 302 2799 erat
324 2733 444 2818 timor)
472 2739 600 2798 tantam
623 2730 714 2821 apud
735 2739 850 2818 patres
865 2732 1008 2816 gratiam
1023 2732 1186 2821 inire'po-

98 2840 184 2921 tuit,
215 2847 256 2902 ut
279 2835 339 2902 illo
363 2857 439 2900 eum
461 2833 599 2902 decreto
624 2834 874 2901 remuneraturi
895 2833 1043 2918 fuerint3
1077 2857 1186 2924 neque

97 2943 171 3033 ipse
201 2939 355 3008 beneficii
377 2939 453 3004 loro
481 2937 656 3006 decretum
682 2938 819 3022 babuit,
854 2939 886 3005 ei
904 2937 1040 3031 quidem
1060 2936 1192 3029 pauees'

98 3052 179 3137 post
202 3042 276 3112 dies
297 3041 469 3129 frequenti
493 3042 588 3108 ouria
605 3042 759 3124 iactavit,
787 3041 904 3110 inritis
919 3049 956 3109 ¹et
974 3046 1188 3132 gementibus

99 3148 303 3217 adversariis
327 3148 484 3236 adeptum
506 3170 543 3215 se
566 3146 653 3234 quoa
667 3146 908 3237 ,concepissem
935 3147 1078 3236 preinde
1092 3172 1188 3218 exeo

99 3255 341 3322 insultaturum
365 3251 513 3317 omnium
537 3250 724 3338 capitibus3
753 3270 792 3316 ao
810 3258 952 3338 negante
966 3251 1112 3343 quodam
1125 3278 1189 3346 per

101 3357 337 3426 contumeliam
367 3355 469 3422 facila
491 3355 553 3420 boo
573 3354 638 3420 ulli
662 3354 806 3421 feminae
829 3352 904 3420 ior'e
926 3358 1122 3445 respondit,
1153 3358 1189 3425 in

102 3462 204 3552 Syria
235 3481 370 3551 quoque
403 3477 564 3545 regnasse
594 3456 796 3526 Samiramin
826 3472 1050 3546 magnamque
1078 3460 1189 3545 Asiqe

101 3574 234 3656 partem
266 3567 463 3634 Amazonas
494 3561 645 3629 tenuisse
674 3560 854 3651 mendam.
911 3561 1032 3650 Atque
1065 3563 1189 3632 similis
1243 3561 1254 3569 “

101 3673 179 3741 buia
207 3668 353 3737 animum
373 3669 501 3734 elatum
521 3666 816 3755 vehementiusque
840 3665 1006 3752 agitatum
1031 3667 1191 3756 prodenti

104 3775 283 3845 verborum
309 3771 484 3841 ferocitati
511 3772 677 3838 laetorum
699 3770 849 3861 proxime
870 3764 1100 3839 insecutorum
1120 3776 1191 3849 vio.

104 3880 210 3948 lentio
231 3883 298 3945 est.
341 3874 473 3944 Dilatis
492 3895 513 3941 a
532 3873 658 3943 Bibulo
671 3876 707 3944 in
721 3870 868 3942 mensem
882 3874 1066 3943 Octobrem
1088 3880 1192 3949 eomi-

106 3984 184 4070 tiis,
206 3980 299 4072 qnod
315 3980 446 4048 solebat
462 4000 502 4046 ea
516 3999 574 4046 res
585 3980 704 4068 populi
718 3980 923 4049 veluntatem
937 3978 1119 4063 offendere,
1136 4005 1191 4050 se·

108 4086 332 4158 ditissiseinra
351 4083 504 4154 oratioue
522 4083 720 4175 impellebat
738 4082 947 4170 eoueionem,
969 4088 1010 4152 ut
1023 4081 1067 4152 erl
1084 4084 1191 4155 liibu·
