2572 4688
98 210 226 340 ιιι,
364 242 675 353 *ιιιιιιο
702 210 954 334 eserico

83 460 104 525 8
125 451 266 522 Factum
279 455 335 517 ost
347 449 598 542 opportunitate
614 449 700 531 loci,
728 448 875 518 hostium
895 453 1075 531 inscientia
1096 479 1136 525 uc
1152 457 1204 527 tie·

125 539 341 626 fatigatione,
380 540 508 607 virtute
539 537 683 603 militurn
714 546 749 604 et
777 541 991 629 superiorum
1017 565 1203 633 pugnarunt

124 626 383 708 exercitatione,
419 632 459 708 ut
482 646 524 691 no
545 646 647 690 unum
673 625 808 712 quidem
830 637 1025 697 nostrornm
1044 633 1203 722 impetun

82 727 103 792 4
125 716 253 781 terrent
272 735 310 779 sc
334 713 450 780 statim
473 720 570 797 terga
590 704 771 781 vertercni.
837 713 934 801 Quos
953 718 1140 805 impeditos
1156 724 1203 789 iu·

122 804 229 892 teptis
252 801 379 870 viribus
399 800 525 866 milites
546 800 655 866 nostri
671 804 843 868 consecuti
858 825 1013 887 magnum
1028 806 1202 876 numerum

121 913 237 959 eorum
262 887 475 970 occiderunt3
513 888 662 974 reliquos
690 888 824 974 equites
853 895 1040 959 consectati
1068 918 1202 983 paucos,

78 992 100 1059 5
121 979 181 1068 qni
194 1000 234 1044 ex
247 977 328 1065 fugo
340 980 535 1057 evaserunt,
555 975 779 1062 reliquerunt.
843 975 902 1046 Sic
914 1000 981 1048 uno
996 989 1153 1073 temporo
1169 992 1201 1052 ot

123 1110 127 1134 ⁸
188 1134 256 1197 §.it
290 1130 498 1197 defetigatione]
527 1132 737 1199 defaticationc
753 1132 851 1184 Hemb.
881 1136 1095 1205 defetiputione
1119 1144 1199 1208 Bong.

154 1207 189 1256 A.
214 1216 270 1254 sec.
295 1203 364 1253 0ud.
387 1204 464 1265 Egrn.
482 1202 562 1253 Vrut.
585 1204 619 1253 A.
643 1209 671 1252 ct
694 1215 756 1253 eum
773 1211 872 1264 puncto
888 1208 939 1256 snb
955 1221 972 1260 e
989 1211 1016 1257 et
1033 1224 1053 1260 a
1071 1223 1156 1276 super
1170 1224 1199 1263 co

153 1273 236 1325 vind.
253 1275 286 1333 A.
301 1268 387 1322 flacc
404 1269 556 1322 auctoritas
574 1282 627 1322 non
644 1269 733 1321 minor
749 1271 875 1339 videtur,
902 1288 981 1338 quern
1000 1279 1047 1329 cni
1063 1280 1199 1330 Bentleins

152 1343 181 1394 in
199 1341 324 1392 Terentio
341 1342 489 1393 obsecutus
506 1341 574 1390 Eun.
588 1344 613 1390 ².
633 1341 666 1404 1,
686 1337 721 1390 14
743 1341 889 1408 defetipet·
904 1345 1032 1414 scripsit,
1057 1359 1112 1411 quo
1124 1350 1199 1401 nodo

152 1410 269 1463 oliorum
291 1423 395 1475 quoquc
421 1408 583 1470 scriptorum
601 1410 711 1458 codices
729 1412 894 1464 vetustiores
912 1415 1016 1477 passim
1036 1417 1106 1466 neec
1124 1418 1197 1468 exhi-

152 1480 217 1531 bent
233 1483 278 1540 (nt
294 1480 322 1530 iu
337 1479 454 1540 epistola
470 1478 580 1529 Lentuli
597 1479 631 1529 ud
649 1478 705 1529 Cic.
724 1478 800 1529 Fam.
816 1483 865 1549 12,
884 1482 918 1534 lt
934 1481 994 1542 §.7
1017 1484 1196 1552 defetipnior

151 1551 210 1601 cod.
225 1549 322 1599 Medic.
339 1550 376 1599 ct.
395 1549 462 1601 0ud.
480 1549 514 1598 ed
531 1550 605 1597 stret.
623 1549 672 1598 lul.
687 1547 723 1598 65
743 1551 828 1608 extr.)
845 1549 889 1599 cni
907 1555 1142 1606 accommodatum
1157 1563 1197 1606 est

150 1619 223 1682 qnod
241 1621 324 1682 vulgo
337 1617 463 1669 dicebant
475 1617 620 1683 defetiooi.
644 1616 774 1668 Similiter
788 1621 910 1684 snprai,
922 1618 958 1672 to
974 1621 1001 1682 S.
1015 1621 1034 1673 8
1052 1624 1195 1691 destupe-

148 1689 189 1739 tu
207 1688 275 1738 0ud.
292 1701 329 1739 ox
344 1687 429 1749 Bong.
447 1688 481 1736 A.
497 1687 616 1738 etinfrs
630 1685 664 1748 5,
682 1690 715 1736 16
733 1685 793 1746 §.4
809 1687 879 1736 idem
896 1700 931 1738 ex
948 1692 1043 1742 eodem
1059 1697 1196 1756 exemptor

148 1757 282 1821 Fabricii,
306 1769 341 1805 ex
356 1759 434 1819 dign.
451 1755 534 1806 Febr.
552 1765 580 1804 et
597 1756 666 1808 oud.
683 1757 815 1806 referunt.
847 1757 954 1807 sediti
970 1759 1014 1809 Pl.
1031 1760 1060 1810 in
1072 1763 1195 1826 nungar-

42 1884 53 1889 ,
147 1828 227 1890 siano
242 1826 313 1878 libro
330 1839 347 1878 e
364 1833 464 1889 puncto
480 1828 599 1875 notatum
619 1834 646 1874 et
662 1840 681 1876 a
699 1837 815 1884 superne
832 1826 1000 1889 adscriptum
1019 1841 1085 1879 esse
1108 1836 1195 1882 testa-

146 1903 208 1960 tur,
233 1898 283 1945 noc
300 1903 394 1947 nostro
412 1895 668 1948 veroiococt1.1
687 1893 788 1944 nulium
806 1907 840 1943 ex
860 1906 894 1945 eo
919 1897 1087 1951 varietatem
1109 1901 1193 1950 effert.

146 1969 241 2028 Neque
258 1965 326 2015 0ud.
350 1966 385 2014 ud
403 1966 511 2014 sueton.
529 1965 550 2013 l.
568 1977 592 2012 c.
609 1964 750 2025 quicquan
767 1976 802 2014 cx
821 1964 863 2011 nis
878 1964 979 2015 comm.
1005 1976 1194 2034 praetorquete

147 2036 218 2099 quod
235 2036 268 2097 8,
287 2034 321 2085 27
338 2033 442 2084 dnobus
457 2032 485 2082 in
501 2032 641 2082 codicibus
659 2031 790 2094 scriptum
812 2032 849 2083 sit
875 2033 1086 2102 defetiputtotte
1112 2039 1193 2089 aduo-

146 2103 226 2156 tsvit
260 2103 338 2164 Quod
355 2115 415 2151 cunr
431 2102 470 2151 ibi
486 2100 515 2150 in
533 2103 608 2164 Egm.
627 2105 655 2152 et
669 2102 754 2151 Voss.
769 2104 821 2165 A„
845 2103 891 2165 qni
907 2104 976 2154 liber
991 2105 1136 2168 ottocento
1147 2109 1192 2156 de·

145 2173 233 2224 terim
251 2174 295 2221 est
310 2170 510 2235 Bongsrsieno,
532 2173 637 2234 exstet,
657 2169 783 2223 dunitsrc
799 2172 880 2236 licet,
895 2185 930 2223 en
947 2175 974 2222 n.
988 2174 1008 2222 l.
1024 2176 1099 2226 friso
1112 2176 1191 2240 Bong.

145 2244 182 2294 Δ.
206 2238 367 2292 mentionem
389 2240 495 2290 iecerit.
516 2239 589 2289 ‘lum
612 2251 680 2290 veru
703 2240 774 2293 libro
796 2240 953 2293 7onntocs
970 2244 1113 2294 codicibus
1132 2247 1158 2296 in
1173 2261 1191 2296 a

148 2309 380 2365 consentientibus
402 2310 504 2374 legitur
526 2308 727 2376 defatigarent
743 2306 832 2375 0.·41,
856 2311 1014 2377 defatipctti
1029 2311 1083 2378 48,
1109 2316 1191 2383 defu-

145 2379 248 2448 opatu
264 2377 309 2429 85.
344 2378 440 2442 ltoque
458 2378 596 2442 vulgatum
614 2378 779 2442 scripturam
795 2387 889 2431 tenere
907 2381 991 2430 tutius
1009 2383 1116 2444 putavi.

27 2469 32 2480 ·
121 2462 129 2477 ⁵
178 2453 206 2500 et
227 2447 411 2512 superiorum]
435 2449 520 2499 voss.
543 2449 577 2498 A.
600 2449 674 2499 Gott.
699 2449 1189 2517 Lov.1tgn.sec.1dobr.nong.d.

140 2520 190 2571 Dr·
213 2520 268 2569 AB.
289 2518 369 2568 Vrtt.
395 2516 475 2568 ABG.
500 2517 579 2567 (ioth-
602 2519 658 2567 AB.
684 2517 737 2566 Gn.
761 2517 857 2568 Ηιιιιι.
874 2517 955 2568 Viud.
971 2519 1051 2569 ABG.
1070 2523 1147 2572 Rom.
1164 2536 1189 2574 tt.

138 2591 212 2641 Von.
228 2589 251 2639 i.
267 2587 307 2636 st.
331 2598 367 2637 ac
382 2599 446 2650 sup.
465 2586 547 2636 vind.
565 2587 598 2635 D.
615 2598 676 2636 cum
692 2587 754 2635 reli.
773 2589 833 2636 edd.
847 2595 910 2638 ente
922 2589 991 2638 oud.
1007 2602 1090 2656 sup,
1107 2591 1188 2642 onis-

139 2658 305 2724 stropulos,
330 2655 401 2708 0nd.
418 2667 480 2707 cum
498 2657 549 2705 hac
565 2657 647 2706 now:
671 2656 742 2721 „Sic
760 2658 837 2719 diss,
854 2668 907 2706 non
923 2656 993 2708 ac.“
1018 2669 1053 2709 ex
1070 2672 1124 2722 que
1139 2673 1187 2724 op-

139 2735 219 2791 psrct
235 2726 295 2789 ipso
311 2722 397 2776 invito
411 2727 459 2792 et,
480 2726 550 2786 quod
570 2726 620 2786 pro
636 2736 671 2775 nc
687 2723 834 2775 restituere
851 2726 987 2792 vetuerit,
1009 2728 1160 2779 excidisse.

175 2796 203 2857 s.
217 2795 244 2848 4.
279 2794 435 2855 impeditos]
464 2793 616 2859 imperitos
633 2793 709 2845 Lcid.
726 2794 757 2842 B.
773 2796 853 2845 Vtut.
871 2792 949 2857 (λιι
965 2806 984 2845 a
1002 2809 1038 2848 tn.
1058 2812 1100 2861 pr.
1117 2800 1188 2851 Dok.

140 2877 194 2917 um.
217 2866 286 2916 Aud-
310 2863 361 2915 01.
385 2864 466 2916 vind.
492 2866 527 2912 A.
559 2864 660 2927 Nempe
683 2873 783 2926 onere,
813 2867 924 2925 propter
950 2879 1021 2927 quse
1044 2866 1188 2930 impeditos

138 2935 228 2986 fuisse
251 2934 332 2996 paulo
355 2935 419 2984 autc
442 2932 542 2982 dictum
565 2941 624 2995 est,
648 2934 716 2995 fuge
732 2938 813 2994 cepte
829 2934 902 2982 haud
919 2933 1001 2984 dubie
1018 2937 1187 3004 obiecerant,
1210 2934 1215 2943 '

138 3017 226 3067 neque
248 3001 373 3067 intepuit
394 3001 505 3054 uiribus
526 3001 642 3062 praediti
663 3009 739 3052 recte
760 3002 858 3065 opponi
882 3002 1028 3065 impeditis
1051 3005 1188 3058 videntur.

138 3076 192 3124 Sed
214 3073 385 3136 cogitandum
407 3074 451 3121 est
476 3071 509 3119 de
531 3069 721 3134 impedimento
736 3081 756 3120 ι
773 3067 967 3134 &fatigatione
990 3074 1107 3125 abiecto.
1141 3076 1187 3127 Sic

137 3145 172 3205 7,
191 3145 226 3192 26
248 3141 360 3194 virinus
380 3138 539 3208 iufirntitos
557 3142 592 3192 ed
616 3139 775 3203 capiendam
790 3141 883 3206 fugem
900 3141 1041 3206 impedire
1058 3146 1186 3208 quosdam

136 3211 244 3262 dicitur.

103 3369 182 3418 detur
194 3365 298 3432 inisse,
317 3367 387 3430 quod
401 3368 426 3430 2,
440 3364 476 3416 2⁰
491 3361 543 3426 §.1
557 3365 624 3414 tube
665 3365 692 3414 di
712 3372 817 3426 tempus
830 3363 900 3415 elias
914 3364 989 3416 uliud
1003 3377 1068 3419 esse
1079 3368 1186 3432 potuis.

103 3438 185 3499 penio
212 3440 275 3487 ente
297 3447 412 3497 pugnem
432 3433 490 3484 dari
513 3434 623 3484 solitum
666 3447 743 3484 seoc
756 3433 891 3487 deiecisse.

103 3505 252 3557 didicimus.
287 3505 408 3554 Alterius
422 3513 511 3554 autem
522 3503 624 3554 mentio
716 3503 743 3562 S.
759 3506 787 3553 3.
821 3503 948 3561 miiitum]
965 3504 1185 3571 Adhunegeni·

102 3575 131 3625 in
155 3577 205 3625 truc
230 3574 395 3624 narrationis
412 3573 548 3623 brevitate
568 3585 623 3622 non
665 3571 751 3623 tivum
770 3571 852 3622 etism
873 3573 1089 3626 secutatione
1106 3577 1184 3627 reie-

101 3644 189 3707 nugis
208 3644 392 3707 desideretur,
415 3655 496 3705 quum
511 3644 559 3693 eut
571 3653 623 3689 ve·
664 3643 792 3703 rendum,
816 3640 860 3690 cni
880 3641 980 3691 nomini
997 3644 1071 3694 uitet
1083 3645 1184 3708 geniti-

101 3713 162 3763 xiiii
176 3712 305 3775 propositi
326 3716 373 3764 eut
386 3714 477 3763 fectae
495 3711 619 3772 eruptio-
660 3724 713 3759 vus
740 3711 925 3773 superiorum
948 3724 1116 3776 pupparum
1140 3714 1184 3765 sio

101 3781 145 3834 rtis
171 3781 343 3846 significatio.
391 3783 427 3832 Et
456 3781 527 3845 quod
554 3788 618 3830 ente
660 3778 767 3831 additus
788 3782 846 3845 est,
870 3789 901 3830 ut
919 3793 944 3830 s.
961 3780 997 3831 18
1014 3781 1072 3842 §.o
1094 3797 1181 3848 supe-

100 3851 177 3916 prius
204 3854 324 3902 hortatus
345 3859 387 3900 ost
406 3863 472 3902 suos
492 3850 618 3913 sabinus,
659 3848 1010 3900 ricrcmdierttmuomini
1022 3853 1181 3905 cunctatio.

101 3933 164 3970 curn
178 3923 322 3969 secundum
341 3922 390 3970 te
408 3922 429 3972 l.
445 3933 470 3969 c.
483 3919 618 3981 posterius
712 3917 739 3976 S.
753 3915 779 3966 t.
814 3918 860 3981 qui
880 3932 915 3968 ex
935 3920 1002 3982 iuge
1016 3925 1181 3983 evaserant]

61 4010 63 4015 ¹
103 3989 278 4040 hortationem
299 3989 451 4053 exciperet,
473 3988 557 4037 facilc
574 3989 618 4037 in·
659 3987 786 4050 Plerique
795 3986 827 4036 in
838 3989 911 4053 supa
919 3989 994 4038 coesi
1007 3977 1097 4053 oranti
1111 4004 1181 4053 peu·

102 4059 233 4122 telligitur
247 4070 293 4120 pro
308 4071 399 4107 rerunt
413 4066 510 4108 natura
523 4060 551 4107 et
568 4069 618 4106 ne·
659 4055 686 4105 ei
698 4069 736 4114 ee·
748 4070 785 4106 eu
797 4066 954 4124 evaserant,
967 4060 1049 4122 etque
1064 4061 1090 4110 hi
1102 4063 1183 4113 erant

77 4162 83 4176 .
101 4130 232 4181 comitate
243 4130 288 4179 vei
298 4126 494 4191 opportunitate
507 4129 617 4180 nortan-
659 4124 718 4195 illi,
741 4138 810 4192 quos
823 4127 929 4192 equites
942 4129 1114 4195 reliquerunt
1130 4144 1182 4183 seu
