2572 4688
331 231 613 361 ἰιιιιιίι
657 283 849 363 ειμι
956 274 959 283 ’
1099 288 1169 364 aer

78 476 197 566 liques
209 472 316 546 'neves
335 495 376 544 eo
393 474 630 561 convenirent,
658 472 702 543 ad
717 474 833 544 horam
848 497 969 546 nouam
982 464 1018 544 iu
1031 477 1166 570 ancoris

80 565 302 654 exspectavit.
364 561 505 630 Interim
518 565 642 651 legatie
656 564 871 654 tribunisque
885 566 1029 633 militum
1046 588 1166 633 convo·
1187 575 1209 642 5

79 655 169 719 catis
189 659 225 718 ot
244 672 333 739 quae
351 672 392 717 ex
408 651 582 719 Voluseno
598 659 795 737 cognosset,
817 661 950 742 atquae
963 653 1039 719 lieri
1052 655 1167 738 vellet,

78 737 230 807 ostendit
244 739 450 827 monuitque,
472 747 512 805 ut
526 739 578 806 roi
592 739 750 807 militaris
764 741 869 822 ratio,
884 741 1026 809 maxime
1041 748 1081 808 ut
1094 756 1166 808 ma·
1208 747 1213 781 ¹

77 828 225 893 ritumae
245 849 302 893 res
321 828 554 916 postularent,
579 833 619 892 ut
638 827 753 914 [quae]
777 829 919 895 celerem
935 836 1037 917 atque
1058 829 1166 896 iusta·

77 915 183 985 bilem
206 921 334 983 motum
352 914 532 998 haberent,
560 912 604 980 ad
628 921 747 982 nutum
771 922 807 982 et
828 914 872 982 ad
893 923 1028 1007 tempus
1049 937 1166 986 omues
1215 932 1222 975 i

146 1090 275 1223 aqcoqis]
306 1091 355 1144 Dr.
371 1091 404 1142 b.
420 1092 500 1144 lietb.
522 1092 557 1144 A.
590 1091 683 1158 Vulgo
699 1091 846 1148 auctoris.
880 1089 925 1150 cf.
945 1095 1008 1147 adu.
1025 1107 1067 1147 er.
1087 1095 1123 1146 ad
1136 1094 1166 1162 3,
1246 1141 1251 1151 .

43 1259 46 1263 >
147 1230 175 1291 S.
193 1229 220 1281 5.
254 1227 428 1291 maritumae]
464 1229 509 1280 lta
532 1231 560 1280 h.
583 1231 603 1283 l.
628 1242 689 1283 cum
713 1229 784 1282 (lud.
800 1234 835 1298 2,
857 1229 904 1296 qai
921 1231 1020 1295 ubique
1035 1231 1167 1283 maritu-

113 1312 178 1350 mas
199 1305 229 1348 ut
250 1296 398 1364 finitumos
421 1299 558 1365 exhibuit,
583 1298 754 1350 scribendum
776 1302 872 1363 putavi
889 1303 946 1350 tum
962 1300 1045 1366 Bong.
1062 1303 1095 1351 A.
1113 1312 1179 1358 au-¹

114 1367 286 1430 cleritatem,
315 1381 394 1432 quam
422 1368 559 1420 silentium
583 1369 624 1417 Pl.
647 1371 787 1430 praestare
812 1369 936 1436 videtur,
965 1372 1021 1420 tum
1044 1369 1167 1434 vestigia
1270 1418 1272 1423 ,

114 1440 228 1489 secutus
246 1438 316 1488 Lov.
339 1440 368 1486 et
384 1436 495 1504 Hanno,
524 1449 636 1502 quorum
653 1441 724 1489 alter
740 1450 798 1488 sec.
817 1439 1001 1491 Faberium
1019 1441 1082 1491 tum
1100 1439 1166 1506 bae,

114 1509 187 1558 alter
208 1516 291 1557 neore
314 1507 377 1556 tum
398 1517 433 1556 oc
457 1508 546 1558 babet.
580 1503 624 1568 Cf.
650 1508 712 1557 adn.
736 1519 775 1556 cr.
800 1508 837 1558 ad
860 1510 892 1572 2,
910 1511 946 1558 32
970 1507 997 1568 s.
1013 1513 1040 1559 2.
1074 1507 1167 1560 Etiam

116 1575 249 1638 Nepotem
272 1577 329 1625 litt.
353 1576 390 1625 20
413 1574 440 1634 S.
458 1572 475 1624 t
492 1586 531 1626 ec
548 1575 668 1626 ultumis
684 1583 712 1641 et
728 1570 889 1627 Ciceronem
906 1576 982 1626 Fam.
999 1580 1050 1641 12,
1068 1577 1102 1628 25
1120 1579 1167 1626 ol-

115 1648 184 1699 tero
205 1644 349 1696 oicesomo
373 1642 421 1695 die
445 1644 591 1706 scripsisse
614 1644 762 1696 verisimile
786 1643 818 1695 fit
840 1657 888 1711 eo,
915 1647 985 1709 quod
1007 1646 1083 1697 illius
1102 1644 1168 1697 iibri

115 1714 271 1776 complures
288 1714 358 1763 emal
381 1715 442 1764 tum
460 1713 496 1764 ils
514 1711 638 1779 velitis,
662 1716 741 1764 buius
759 1715 817 1765 cod.
844 1714 987 1765 Mediceus
1004 1715 1121 1777 optimus
1138 1721 1169 1765 et
1244 1727 1253 1744 ι

113 1784 166 1834 Dr.
186 1783 242 1832 AB.
268 1782 363 1832 altero
386 1783 478 1833 vicem
499 1795 564 1834 sum
587 1782 689 1849 bodie,
711 1784 793 1849 Vrat,
816 1785 851 1833 m
876 1784 996 1848 longara
1018 1786 1099 1836 oller
1116 1778 1179 1851 que

112 1864 231 1905 censum
246 1849 330 1902 bodie
347 1850 482 1901 exhibent·
667 1888 672 1908 ,

148 1923 180 1972 ut
195 1922 278 1982 quae]
312 1920 358 1970 Sic
374 1932 409 1970 ex
426 1918 597 1983 coniectura,
615 1924 645 1968 ut
658 1916 786 1984 videtur,
802 1918 906 1983 primus
918 1917 1029 1984 scripsit
1042 1918 1166 1990 Lipsius,

114 2001 177 2040 cnm
193 1991 344 2052 stephanus
359 1989 395 2040 ct
412 1988 496 2054 quio,
514 1987 601 2039 ceteri
619 1987 655 2038 ut
672 1999 757 2054 qoam
774 1988 929 2056 dedissent,
947 1992 1018 2053 quod
1034 1991 1063 2041 iu
1077 1991 1166 2042 omni-

114 2060 167 2110 bus
184 2059 244 2109 tere
261 2057 400 2109 codicibus
416 2059 516 2108 exstat.
552 2059 665 2107 Tantum
689 2069 724 2107 ex
741 2057 792 2107 οι.
808 2059 874 2107 nibil
892 2061 1040 2124 a·vulgata
1057 2061 1167 2111 discre-

114 2140 185 2192 pans
201 2129 319 2179 relatum
337 2129 365 2177 et
383 2126 411 2178 in
428 2128 504 2179 Laid.
523 2127 552 2175 Β.
570 2128 619 2191 Dr.
635 2125 665 2175 B.
689 2125 777 2175 Viud.'
789 2125 820 2175 1¹¹.
839 2139 912 2192 quae
930 2139 1015 2192 qaam
1033 2129 1167 2192 scriptum
1207 2191 1209 2194 .

115 2205 169 2247 est.
203 2195 235 2246 ld
259 2197 323 2247 licet
339 2197 407 2246 ferri
425 2195 526 2260 possit,
550 2195 576 2246 si
593 2206 695 2261 qaam,
713 2195 745 2245 ut
760 2195 794 2261 6,
812 2199 848 2246 26
863 2198 889 2246 iu
907 2199 985 2248 ronti
1001 2210 1088 2263 quom
1104 2201 1167 2252 lule

114 2265 321 2332 diffundantur
339 2273 368 2315 et
384 2262 446 2318 Cir.
465 2270 498 2329 1,
515 2263 559 2317 55.
583 2262 612 2314 ln
633 2276 719 2333 quoru
734 2277 869 2330 mapsam
885 2278 1038 2319 numerum
1053 2268 1167 2320 tameo-

113 2338 215 2388 toram
238 2346 287 2398 pro
302 2346 444 2401 perquam
462 2347 512 2384 seu
528 2334 613 2386 valde
629 2334 746 2397 positum
767 2335 893 2401 putetur,
917 2345 1023 2406 tamen„
1047 2339 1113 2402 quia
1129 2338 1167 2390 ot

116 2405 167 2454 vix
183 2404 313 2454 credibile
328 2412 373 2454 est
395 2417 430 2454 ex
445 2401 653 2466 interpolatione
674 2402 846 2469 accessisse,
866 2405 968 2468 duplici
984 2405 1074 2469 potius
1092 2407 1167 2480 scri-

115 2476 212 2538 pturae
235 2475 270 2523 ut
288 2484 360 2537 quoe
377 2475 406 2522 et
421 2473 457 2523 ct
473 2484 560 2537 qoam
576 2473 719 2531 acceptum
735 2473 891 2536 retulerim,
915 2486 969 2535 qua
986 2474 1069 2526 simul
1085 2484 1167 2543 ntra-

115 2553 169 2607 que
186 2548 298 2603 recepta
314 2541 349 2590 ut
365 2544 428 2591 aute
443 2552 517 2604 quoe
534 2551 620 2606 qaum
633 2539 773 2593 delendum
785 2540 907 2591 librariis
922 2541 1012 2593 visum
1026 2543 1071 2594 sit.
1105 2547 1166 2596 Ac·

115 2609 189 2660 cedit
212 2610 282 2672 quod
306 2618 382 2671 quoe
404 2611 433 2659 et
457 2618 544 2671 quom
566 2615 679 2672 propter
702 2608 827 2658 notarum
850 2608 1068 2680 similitudinem,
1084 2624 1166 2675 qnam

115 2678 235 2731 ostendit
258 2674 412 2727 herodius
434 2676 530 2729 Milon.
555 2688 583 2738 p.
606 2690 664 2728 vu.
680 2687 707 2726 u.
731 2674 766 2727 58
784 2677 813 2726 et
830 2691 856 2739 p.
874 2691 943 2745 vm,
959 2691 987 2730 n.
1011 2683 1063 2746 61,
1079 2682 1166 2733 facile

114 2746 266 2814 permutari
291 2747 450 2810 potuerunt,
474 2757 526 2810 qno
556 2744 638 2796 etiam
659 2746 762 2796 rectum
786 2745 894 2796 videtur
917 2749 947 2798 ut
971 2761 1055 2810 supra
1078 2762 1103 2801 c.
1127 2752 1164 2802 21

116 2816 145 2877 s.
165 2818 180 2866 1
196 2814 338 2882 priusque
354 2826 403 2877 pro
417 2813 591 2880 priusquam
605 2812 635 2865 iu
651 2815 693 2863 ed.
711 2812 799 2884 princ.
817 2819 845 2864 et
861 2817 893 2881 6,
912 2819 948 2866 26
964 2817 1096 2884 ramique
1112 2831 1165 2882 pro
1201 2825 1205 2832 “

115 2886 194 2938 romi
215 2896 300 2951 qoam
321 2883 352 2934 iu
370 2877 467 2936 molliri
480 2886 557 2936 codd.
574 2885 690 2948 legatur.
722 2884 766 2936 Ad
784 2883 947 2936 sententiam
960 2895 1051 2938 antem
1071 2887 1165 2951 aptius

116 2955 184 3007 nibil
208 2967 272 3004 esse
294 2955 400 3020 potest,
422 2965 504 3017 quarn
527 2955 563 3004 ct
585 2965 658 3018 quae
682 2953 708 3001 b.
724 2964 750 3001 e.
767 2955 869 3018 utpote
887 2967 936 3004 seu
957 2955 1061 3021 quippe
1078 2970 1165 3026 quoe,

116 3037 172 3090 qua
193 3021 392 3088 significatione
415 3023 450 3087 5,
473 3026 508 3073 33
530 3025 566 3073 ct
589 3021 640 3088 qui
657 3019 731 3072 nibil
747 3025 816 3074 octe
830 3023 1009 3087 procidisset
1026 3035 1075 3077 aut
1091 3028 1167 3078 scri-

116 3095 192 3156 ptum
208 3107 227 3144 a
244 3091 364 3143 Caesare
382 3098 425 3141 est
442 3092 491 3141 aut
509 3089 592 3142 scribi
608 3091 703 3155 potuit.
737 3087 782 3142 Cf.
806 3092 874 3143 Otto
892 3090 922 3144 iu
935 3093 1167 3151 btotnmtonlloe

116 3161 249 3214 Liuianis
274 3175 301 3217 a.
327 3161 396 3213 1839
419 3158 500 3211 editis
515 3174 542 3223 p.
561 3157 606 3211 25.
639 3161 732 3224 Neque
749 3163 948 3225 Metapbrastes
965 3164 1046 3216 aliter
1062 3167 1166 3230 legisse

116 3231 243 3302 videtur,
260 3242 419 3295 quamquam
434 3240 545 3280 sensum
561 3240 615 3280 uon
630 3229 771 3293 perspexit
786 3232 816 3281 et
832 3229 990 3293 scriptorem
1005 3234 1056 3284 boo
1072 3235 1166 3288 dicere

117 3303 230 3368 statuit,
253 3312 287 3352 eo
304 3298 414 3351 facilius
432 3297 496 3349 illos
511 3305 686 3362 praeceptum
703 3297 815 3349 eiicere
832 3301 969 3364 potuisse,
986 3311 1040 3354 uon
1054 3315 1088 3356 eo
1103 3317 1167 3357 ma-

118 3371 163 3435 gis
192 3373 223 3421 ut
245 3369 405 3452 efficerent,
433 3377 545 3429 operam
567 3369 635 3419 dare
663 3367 790 3418 debuisse
812 3363 992 3438 παρήγγειλεν
1014 3364 1108 3429 ciceia
1128 3395 1164 3413 ·-

118 3434 213 3491 πάντα
229 3434 357 3504 ἑτοίμοις,
381 3451 418 3491 ιιι
431 3438 480 3489 rol
495 3433 552 3490 eois
568 3431 676 3490 misisse
690 3429 840 3502 ιιῖιιιιὴτοιι
854 3437 1014 3504 χρωμένοις,
1036 3443 1084 3493 ael
1099 3437 1166 3495 ἔπι·

119 3503 230 3573 cadalus
243 3502 316 3558 κοιοὲ
332 3499 368 3557 coi
382 3497 670 3572 ποριγγιλθηοόμιιιι
682 3499 824 3574 πράττειν.
848 3506 910 3557 ‘llis
927 3509 960 3557 de
972 3509 1064 3560 causis
1075 3510 1166 3576 lipsii

117 3575 298 3642 scripturam,
313 3585 392 3639 quam
410 3581 556 3638 sequentes
571 3573 690 3625 editore·
704 3585 804 3627 ,omues
821 3575 983 3642 tenuerunt,
1000 3579 1103 3646 etipse
1119 3585 1165 3635 te·

119 3646 236 3697 neudum
249 3643 362 3711 putavi,
379 3643 429 3704 sod
445 3653 518 3709 qaae
534 3643 565 3694 ut
580 3640 756 3698 coniecturae
772 3643 891 3698 debitum
906 3644 1015 3698 inclusi.

59 3850 64 3857 t
136 3797 164 3871 S.
185 3795 212 3852 ⁵.
247 3804 278 3850 ut
297 3808 367 3862 quae
386 3799 503 3851 celerem
521 3800 601 3865 atque
643 3795 721 3868 veri,
744 3761 952 3866 postmittatur
968 3799 1069 3875 maris,
1092 3807 1164 3872 quod

86 3866 240 3920 instabilem
253 3870 352 3920 motum
365 3869 510 3934 baberent]
534 3870 561 3918 b.
575 3878 601 3919 ο.
642 3867 806 3924 instabilem
818 3874 918 3922 motum
934 3873 1023 3924 babet.

86 3939 247 3991 coniunctae
267 3939 361 3988 esseut
382 3950 444 3989 cum
456 3938 506 3989 tali
517 3945 601 4005 motu,
695 3939 731 3990 ad
744 3943 875 3991 nutnmet
894 3942 929 3992 sd
948 3940 1068 4010 tempus]
1102 3944 1161 3994 llo-

85 4009 132 4070 qui
148 4009 237 4058 motus
257 4009 301 4057 cst
315 4005 416 4068 'partim
429 4004 601 4057 uariumre·
643 4018 705 4058 rum
729 4008 805 4069 prius
835 4010 1005 4062 celeritatem
1036 4011 1163 4081 udungit,

85 4077 271 4142 liquoremque
285 4087 386 4146 rerum,
403 4086 473 4140 quae
487 4077 601 4139 possunt
643 4077 758 4126 alterum
785 4079 1012 4139 opportunitatem
1030 4082 1059 4131 et
1079 4078 1171 4135 occa?

85 4154 115 4200 οι
134 4147 233 4200 rebem
249 4156 269 4200 ι
287 4143 602 4201 neutisoelerltcruo-
644 4145 748 4200 sionem
764 4146 911 4201 observem
927 4148 1019 4215 iubet,
1041 4151 1113 4216 quod
1131 4148 1163 4206 lu
1273 4227 1276 4235 Ι
