2572 4688
134 271 208 351 raa
395 256 682 348 nu‘uncno
707 270 962 349 cantico

139 472 286 535 strormn
306 460 393 555 ripis
413 464 561 533 fluminis
580 444 752 533 muniebat
765 471 894 557 etpost
907 486 983 534 eum
1050 486 1091 545 ae
1109 476 1229 538 esseut

139 550 278 644 tutatab
300 552 456 622 hostibus
476 551 642 621 reddebat
660 561 695 620 et
714 562 922 622 commeatus
940 554 982 621 ab
1037 556 1123 623 emis
1142 559 1228 626 roli-

56 732 59 737 ·
98 640 983 797 ⁶“iiiviriiiidbmri‘siffliiiiiiffliiideiitm
998 645 1230 799 iiiiii:

115 843 118 853 =
139 750 236 883 diurn,
246 751 390 905 mittet
409 774 446 883 id
465 816 573 881 altera
592 822 690 902 parte
704 817 851 882 fluminis
866 777 1031 905 Quintum
1045 754 1226 887 Tidurieusrln
1263 820 1267 829 '

138 902 303 973 Sabinum
330 902 477 989 legatum
495 922 571 969 oum
593 924 659 969 sex·
672 904 867 971 cohortibus
889 905 1072 993 relinquit:
1107 917 1228 975 casua

24 1012 36 1021 ’·
133 988 173 1059 in
193 986 407 1059 altitudinem
421 987 544 1082 pedum
563 1010 630 1060 xri.
642 992 731 1060 vallo
745 992 902 1081 fossaque
917 991 1151 1081 duodeuiginti
1165 1016 1225 1085 pe-

205 1151 234 1212 s.
248 1148 274 1202 5.
305 1152 413 1212 essent]
431 1151 501 1204 erut
513 1148 582 1202 Laid
594 1152 628 1203 A.
646 1151 736 1202 erant
747 1157 858 1202 veteres
871 1149 1059 1217 audiverint,
1074 1149 1126 1202 cn.
1135 1150 1223 1204 viui.

176 1223 212 1281 Α.
231 1220 303 1273 liar.
325 1223 359 1273 ii.
375 1222 470 1286 steph.
484 1220 527 1271 lu.
540 1228 593 1271 ete
606 1227 669 1271 ante
684 1221 753 1271 ilud.
765 1230 816 1283 quo
828 1221 906 1271 modo
919 1218 989 1269 situs
1002 1221 1124 1271 incorum
1144 1220 1222 1287 talia,

176 1290 267 1355 qualis
286 1299 363 1354 crat,
383 1288 443 1340 aine
456 1287 628 1353 cogitationis
640 1287 838 1353 significatione
856 1288 1027 1339 describitur.
1062 1288 1224 1341 coniuncti-

81 1390 84 1395 ·
131 1358 141 1423 s
172 1370 227 1411 vus
247 1357 361 1412 veroin
381 1356 544 1423 cogitatione
564 1357 692 1411 caesaris
712 1354 1136 1421 versa'riiliaostenditeumque
1150 1359 1223 1409 bunc

172 1430 295 1482 iocorum
315 1428 397 1479 situm
416 1427 573 1492 respexisse
590 1439 734 1490 secumque
753 1425 928 1490 perpendisse
941 1429 970 1477 et
982 1429 1017 1477 ad
1031 1427 1174 1477 consilium
1187 1428 1223 1477 de

173 1495 305 1562 ponendis
323 1494 425 1549 castris
444 1496 599 1550 adhibuisse
617 1498 789 1549 demonstrat.
835 1495 907 1547 illud
922 1494 952 1546 in
968 1496 1055 1559 prima
1074 1497 1222 1559 scriptione

174 1565 317 1634 sufficere,
346 1569 398 1617 boe
417 1563 446 1617 in
463 1567 552 1618 altere
570 1566 779 1630 praeterendum
799 1563 887 1618 videri
904 1570 1027 1633 poteret,
1057 1566 1222 1628 praesertim

172 1648 235 1689 oum
254 1643 370 1687 eventus
391 1634 530 1687 docuisset
545 1646 601 1687 non
611 1635 723 1686 muitum
735 1632 856 1702 afuisse,
876 1636 940 1699 quin
951 1643 1012 1685 eum
1024 1633 1155 1699 cogitatio
1168 1645 1224 1685 sua

171 1706 300 1769 fallerem
322 1705 350 1757 id
363 1704 434 1770 quod
447 1717 482 1756 ex
494 1707 586 1766 caps
601 1701 771 1768 intelligitur.

207 1775 334 1838 possent]
356 1772 442 1827 Voss·
462 1772 498 1823 A.
517 1773 545 1824 Β.
557 1770 634 1823 Leid.
648 1772 704 1824 AB.
719 1771 790 1822 Duir.
802 1770 874 1822 ilar.
887 1771 921 1821 A.
933 1768 1014 1820 vind.
1029 1765 1125 1821 num.
1139 1770 1220 1821 tiotb.

172 1843 208 1894 Δ.
221 1844 304 1896 bonu.
319 1842 389 1893 Vcn.
407 1843 428 1893 f.
441 1838 614 1906 Stepb.-0ud.
629 1842 646 1891 2
661 1849 769 1894 tacente
782 1840 815 1892 da
825 1841 908 1902 Bong.
922 1839 956 1888 a.
972 1838 1129 1890 Piis-ebbio.
1151 1853 1221 1905 poc-

170 1913 217 1963 oet
236 1924 297 1964 cum
316 1911 429 1975 reliquis
449 1912 562 1974 oud-1,
585 1910 656 1975 quod
676 1909 787 1962 facilius
805 1921 841 1960 ex
862 1908 926 1975 ilio,
948 1920 1027 1971 quam
1040 1909 1110 1959 illud
1122 1921 1158 1959 ex
1170 1910 1220 1976 boc

172 1976 233 2032 iicri
250 1978 344 2044 potuit.
378 1980 465 2034 Multo
484 1976 576 2031 rarius
590 1979 663 2030 enim
676 1980 850 2031 commeatus
862 1978 963 2041 plurali
976 1980 1026 2029 bac
1039 1976 1220 2040 signincatic-

170 2061 224 2115 ne,
245 2061 325 2111 quam
337 2045 470 2111 singulari
483 2046 581 2101 dicitur
593 2055 620 2098 ct
632 2045 661 2099 in
675 2047 804 2100 caesaris
818 2059 912 2098 comm.
924 2048 957 2096 (ie
969 2048 996 2098 b.
1009 2046 1044 2097 ii.
1056 2046 1101 2096 bis
1114 2048 1220 2099 tantum

128 2180 133 2187 .
171 2125 278 2183 exstat,
301 2120 334 2182 3,
351 2122 369 2169 3
386 2116 412 2177 S.
426 2120 443 2167 2
464 2125 491 2170 et
503 2119 539 2171 23
556 2116 582 2179 s·
597 2119 631 2181 6,
653 2115 719 2170 item
735 2116 778 2166 bis
794 2119 867 2181 apud
886 2113 1002 2167 llirtium
1019 2115 1052 2185 8,
1068 2117 1108 2168 ³0
1126 2122 1155 2167 et
1173 2115 1219 2169 47.

169 2187 241 2255 Nam
253 2184 338 2253 5,,,23
348 2184 379 2305 ls.
391 2184 508 2302 cleliam
519 2184 744 2254 significationem
754 2186 843 2240 babet
877 2182 936 2237 iloe
948 2193 1039 2237 autem
1056 2185 1120 2237 loco
1136 2180 1221 2238 edam

170 2267 188 2306 a
208 2253 262 2304 tior
274 2262 317 2305 est
360 2266 409 2306 ura
421 2253 455 2304 is.

189 2270 233 2384 ps·
247 2326 272 2374 6.
313 2269 453 2387 τὲῐίιιιιιιίι]
477 2322 537 2395 iioo
557 2325 592 2378 ab
605 2321 674 2377 oud.
687 2320 715 2374 in
731 2321 896 2390 „plerisque
909 2315 1003 2389 suis“,
1026 2334 1045 2373 e
1057 2322 1129 2373 Dav.
1142 2320 1171 2373 in
1184 2322 1219 2374 N.

171 2400 317 2457 repertum,
334 2391 361 2441 in
372 2406 415 2442 ex.
429 2392 512 2445 Febr.
526 2405 579 2444 non
592 2392 693 2444 nisiex
707 2391 780 2443 Gott.
793 2393 869 2457 ligur.
882 2393 999 2442 relatum
1012 2390 1106 2442 Oudi
1118 2404 1220 2442 aecum

172 2463 234 2512 dum
251 2462 350 2528 „MSS
364 2469 392 2512 et
405 2463 472 2512 Edd.
487 2458 577 2527 qdd.“
601 2463 630 2514 in
642 2462 764 2527 reliquit
782 2460 914 2524 multavit,
937 2461 1008 2524 quod
1019 2460 1049 2511 in
1061 2459 1144 2511 vlni.
1158 2460 1218 2511 nit.

125 2550 128 2557 ·
170 2531 221 2582 Dr.
234 2533 269 2582 A.
282 2530 354 2582 lior.
367 2531 401 2581 A.
413 2536 442 2582 et
455 2531 575 2583 tortasse
588 2530 617 2585 in
628 2532 688 2583 i’et.
701 2531 784 2597 ilung.
797 2528 828 2581 0.
842 2539 869 2582 ct
881 2529 962 2583 Vini.
977 2529 1032 2580 bn.
1054 2529 1097 2588 isi
1110 2527 1219 2581 abendo

173 2613 217 2651 ex.
240 2600 325 2651 Goni-
346 2601 467 2668 eteius,
491 2602 537 2664 qni
550 2602 776 2673 vindobonenses
788 2600 811 2650 ii
824 2608 877 2650 eto.
889 2599 1019 2665 contulit,
1042 2596 1112 2648 fides
1133 2599 1219 2649 babe-

172 2672 232 2727 tur)
255 2677 284 2718 et
303 2668 330 2717 in
350 2669 487 2733 plerisque
501 2669 561 2721 cui.
574 2680 638 2723 ante
652 2672 723 2725 Dav.
740 2673 813 2729 (exc
826 2669 898 2719 Veri.
912 2668 932 2717 i.
947 2668 1039 2731 Stepb.
1052 2668 1101 2719 Gr.
1113 2667 1156 2729 b.)
1174 2668 1219 2717 le-

171 2739 256 2805 gitur.
284 2736 425 2803 (reliquid
447 2739 530 2791 vind.
556 2740 592 2789 A·
615 2748 647 2790 ut
669 2736 817 2804 relinquid
836 2737 951 2797 iiamb.)
990 2737 1051 2788 Nou
1070 2737 1218 2787 colomers

170 2807 302 2860 eiusmodi
315 2808 488 2858 mutationem
501 2806 656 2860 eoaesaris
668 2821 721 2859 usu
732 2809 760 2859 in
773 2808 837 2858 aiu.
849 2805 909 2857 crit.
924 2806 959 2857 ad
973 2806 998 2868 1,
1010 2803 1047 2856 to
1057 2804 1109 2865 Μ
1120 2806 1219 2856 obser·

171 2877 315 2942 vavimus,
334 2877 384 2927 sed
396 2875 468 2929 iuter
481 2877 533 2927 duo
547 2877 703 2938 praesentio
716 2875 906 2942 praeteritum,
924 2875 1092 2939 quoiusque
1104 2875 1219 2925 senteu-

170 2946 227 2997 tiae
246 2945 317 2997 ratio
338 2946 491 3009 requireret
508 2958 594 3009 neque
609 2947 731 2997 codicum
743 2944 892 2998 auotoritas
903 2955 1066 3008 magnopere
1078 2953 1219 2995 commen·

170 3016 264 3080 daret,
280 3013 465 3081 recipiendum
478 3025 531 3064 non
545 3015 697 3065 videbatur.

204 3080 234 3133 in
254 3081 434 3143 altitudinem]
457 3083 489 3132 in
507 3083 660 3135 altitudine
680 3094 772 3135 omnes
785 3079 963 3132 emtenenos
978 3088 1094 3142 suosque
1107 3076 1218 3131 codices

171 3150 240 3202 (inda
259 3162 320 3201 oum
340 3153 399 3201 edd.
419 3151 512 3212 primis
531 3153 659 3203 exhibere
676 3159 810 3218 testatur,
832 3147 1218 3214 eumquaecunque.

171 3219 254 3272 voss.
274 3221 308 3268 A·
329 3220 398 3269 bor.
414 3221 490 3284 ligm.
511 3220 584 3273 tici-t.
597 3234 640 3272 ex.
661 3221 742 3273 Febr.
762 3228 791 3271 et
807 3218 893 3273 Ocni.
911 3218 1071 3268 ooniirmant
1094 3220 1145 3276 (ex
1156 3216 1218 3269 Pal.
1276 3240 1279 3244 ·

170 3287 356 3342 mutitudinis
376 3288 508 3352 afferunt)
531 3302 582 3342 neo
601 3291 683 3344 aliter
701 3291 750 3343 Dr.
765 3289 822 3343 ab.
835 3285 1217 3342 irrecusabiliter).

122 3502 131 3515 ‚
191 3444 218 3507 S.
232 3446 258 3498 5.
291 3444 440 3506 muniebat]
465 3447 656 3510 imperfectum
697 3444 743 3510 qui
762 3444 792 3498 in
810 3440 1217 3507 altersparteiuminisraiiu-

136 3525 192 3569 nou
210 3516 370 3569 facultatem
394 3512 449 3585 (bit
463 3509 655 3584 multifidi),
697 3522 825 3581 queretur
850 3528 901 3566 nec
924 3512 1067 3578 quicquam
1088 3524 1151 3563 oum
1171 3510 1216 3564 nis

138 3586 358 3649 quemadmodum
379 3587 500 3637 nonnulli
520 3588 656 3650 interpre-
698 3583 948 3637 camriseommune
961 3584 1084 3647 baberet,
1098 3583 1216 3650 sedeas,

122 3653 191 3723 ,tati
210 3654 288 3721 sunt,
311 3657 360 3705 sed
378 3655 420 3707 rei
441 3656 566 3707 affectum
584 3658 655 3707 tam-
697 3652 978 3719 quiremanserat,
1000 3658 1032 3701 ut
1046 3657 1141 3702 eastra
1153 3661 1216 3703 mu·

139 3721 202 3789 diu,
224 3734 303 3786 quam
316 3736 374 3776 rem
385 3725 488 3795 ipsam,
504 3727 656 3778 exstantem
680 3725 802 3792 nitent,
816 3724 947 3789 milites,
970 3730 1038 3786 quos
1058 3718 1217 3772 nemineum

137 3791 285 3857 significat.
356 3792 364 3819 l
699 3793 912 3859 siguificat-inan
923 3791 1216 3855 magisnecesseerat,

192 3869 256 3926 post
268 3862 344 3922 eum]
363 3874 403 3913 sc.
418 3859 574 3929 caesarem,
588 3875 656 3921 eun·
674 3884 688 3899 ··
698 3876 776 3923 quam
791 3874 939 3926 praecones
952 3859 979 3923 i,
996 3856 1047 3909 ³4:
1063 3858 1151 3909 doces
1164 3870 1216 3909 eo-

138 3930 216 3997 dem,
239 3932 272 3981 de
291 3942 344 3994 quo
361 3932 442 3996 paulo
462 3939 523 3994 post
536 3933 577 3983 aci
590 3945 656 3985 eom
698 3940 774 3982 rum.
785 3934 851 3984 tota
865 3931 930 3984 acie
946 3927 1142 3995 pronuntiare
1152 3927 1220 3977 ius-

136 3998 245 4057 dicitur.
272 3999 415 4053 bavides
444 4012 590 4064 pronomen
619 4004 655 4055 ad
697 4003 817 4067 seruat,
833 4015 870 4053 tte
884 4002 947 4068 quis
962 3997 1070 4050 obloco
1084 3996 1216 4048 abcede-

135 4068 442 4127 exercitumreierebat.
584 4120 589 4133 ,
696 4070 756 4121 ret.
790 4068 929 4137 ctibqtlo
946 4067 1002 4133 Μ
1019 4067 1048 4118 et
1061 4064 1124 4119 Gir.
1138 4068 1165 4133 2,
1178 4064 1215 4118 25

97 4182 99 4187 ,
184 4139 301 4199 munire]
326 4151 380 4193 uon
394 4138 540 4207 somnum,
555 4136 652 4205 quippe
695 4135 722 4202 8.
737 4141 764 4190 6.
868 4146 871 4151 ·
914 4148 923 4163 ·
