2572 4688
403 257 512 331 aru.
539 255 590 330 n.
633 255 755 331 ene.
781 264 808 361 ⁷.
844 280 848 289 ·
1080 262 1148 332 rsa

60 444 151 516 iccio
165 452 342 528 venerant,
368 444 537 514 Numidas
552 453 587 513 st
603 444 723 517 Cretas
736 445 934 534 sagittarios
948 453 984 514 ei
997 447 1145 516 fundito-

62 557 119 602 res
133 534 295 602 Baleares
310 533 463 601 subsidio
476 533 653 624 oppidanis
668 535 801 616 mittite
816 593 824 612 ,
841 557 982 623 quorum
999 535 1144 603 adventu
1167 547 1191 608 3

63 629 100 689 ei
113 613 230 690 Remis
248 643 323 689 cunr
339 643 399 710 spe
413 620 616 689 defensionis
630 622 778 689 studium
790 621 1022 712 propugnandi
1035 634 1147 690 acces·
1161 658 1163 666 ·

64 712 130 792 eit,
159 721 194 776 et
208 710 362 798 hostibus
376 708 491 779 eadem
506 708 548 775 dc
564 731 664 775 causa
679 732 758 798 spes
775 711 930 797 potiundi
946 710 1061 798 oppidi
1078 710 1149 778 dis-

64 797 181 866 cessit.
242 796 363 884 ltaque
377 797 550 886 paulisper
564 796 654 884 apud
669 795 835 885 oppidum¹
845 798 966 884 morati
981 806 1085 884 agros
1106 821 1148 867 ue
1165 808 1194 873 ’4

55 885 245 952 Remorum
273 882 469 974 depopulati
490 885 645 952 omuibus
669 885 751 952 vicis
779 882 1026 972 aedificiisque,
1060 821 1147 974 odos

134 1060 161 1120 S.
183 1065 209 1112 2.
250 1058 395 1121 discessit]
425 1061 544 1112 dicessit
567 1061 613 1111 Dr.
639 1061 674 1110 A·
704 1018 845 1111 descessit
866 1058 949 1110 Voss.
965 1059 996 1111 0.
1025 1018 1149 1114 decessit

100 1131 255 1182 Vossianus
273 1129 394 1197 Gierkii,
418 1125 638 1195 quemadmodum
653 1131 687 1180 dc
703 1130 835 1180 Gronovii
852 1131 887 1180 ad
904 1129 967 1179 niv.
981 1126 1015 1194 t,
1032 1129 1066 1181 52
1084 1143 1160 1192 pro-·

99 1200 190 1262 posita
215 1199 370 1249 coniectura
391 1199 513 1249 ediderat
538 1199 685 1264 Davisius,
714 1199 890 1263 probantibus
914 1210 974 1247 cum
992 1198 1059 1249 0ud.
1073 1200 1149 1251 Ddlr-

102 1269 147 1318 nio
169 1275 198 1318 et
222 1267 396 1330 Elberliugio.
436 1268 549 1318 Scilicet
571 1267 726 1330 relinquens
751 1267 868 1333 animum
891 1280 956 1331 spes
981 1279 1034 1318 non
1058 1270 1149 1319 minus

102 1339 255 1402 commoda,
279 1347 358 1398 quem
376 1335 506 1403 incidie,
528 1347 618 1403 eura,
640 1336 703 1401 irc,
734 1337 767 1385 de
786 1336 882 1398 quibus
899 1330 927 1385 id
947 1339 1049 1399 passim
1067 1335 1150 1400 pra'e·
1206 1359 1207 1363 ¹

103 1407 225 1474 dicatur,
251 1403 389 1456 decedere
404 1404 486 1467 suasi
502 1407 536 1456 ds
553 1407 612 1454 loco
632 1403 771 1466 superiore
787 1405 843 1453 dici
858 1407 982 1470 poterat,
1012 1408 1062 1456 sed
1079 1407 1152 1458 haud

103 1476 222 1533 deterius
247 1482 291 1524 est
314 1473 479 1537 discedere,
513 1474 583 1536 quod
607 1474 708 1524 abitum
733 1472 895 1535 simpliciter
917 1473 1063 1536 siguificat.
1106 1475 1150 1538 ci.

61 1559 65 1569 ·
102 1546 210 1595 Salaec-
223 1543 280 1606 lag·
298 1541 348 1593 iia
374 1542 421 1592 obi
437 1543 489 1593 ibba
507 1542 635 1608 formido
651 1541 791 1592 cientibus
810 1541 959 1608 discessit,
978 1568 1014 1581 ·-
1027 1543 1151 1596 lasciuia

24 1616 28 1623 '
103 1616 191 1680 cipes
206 1611 341 1677 soperbia
354 1608 507 1663 incessere.
541 1612 604 1661 Liv.
622 1612 639 1661 i.
653 1623 677 1660 c.
693 1611 740 1660 ubi
754 1610 807 1661 bae
823 1613 1028 1663 substinuisse
1041 1615 1152 1665 disces-

102 1695 184 1751 sere,
199 1707 240 1722 ·-
254 1681 330 1734 domi
354 1682 519 1746 discordis,
546 1680 624 1747 foris
646 1680 747 1732 betium
772 1683 918 1732 tuomum.
960 1683 1068 1742 Quintil.
1084 1687 1116 1750 i,
1134 1685 1151 1733 1

56 1787 59 1799 ,
104 1752 130 1814 s.
147 1755 195 1802 16:
226 1753 361 1817 quotiens
382 1751 516 1803 discessit
537 1750 707 1816 aemulatio,
729 1751 859 1800 succedit
874 1751 1047 1803 humanitas.
1061 1800 1066 1825 ,
1081 1753 1152 1803 luz

104 1822 132 1883 S.
144 1820 195 1872 dit
220 1822 307 1872 etiem
323 1820 549 1886 illapraeoeioc
565 1819 723 1891 (memoria)
749 1821 817 1886 fers
833 1819 892 1871 cito
909 1820 1007 1888 efnaei
1024 1824 1054 1872 et
1070 1823 1153 1874 cetat

104 1890 255 1958 praesenti
274 1888 371 1956 oflicm
390 1891 495 1956 functa
510 1888 584 1938 aiiii
599 1887 632 1938 is
646 1890 796 1951 posterum
811 1889 926 1957 debeat,
949 1892 1087 1956 tanquam
1097 1891 1153 1943 ‚di-

105 1962 192 2013 misso
206 1959 337 2013 discedit.
371 1961 474 2010 Eadem
492 1956 690 2021 significatione
708 1956 861 2010 obscedere
877 1959 945 2011 dixit
962 1962 1070 2012 Terent.
1083 1961 1153 2012 lieo.

107 2029 134 2082 5.
158 2029 261 2098 2,152
289 2029 348 2081 cito
371 2029 405 2080 ab
428 2041 461 2081 eo
486 2028 557 2079 baec
574 2027 622 2078 ira
639 2027 787 2095 abscedet,
815 2029 893 2092 idque
912 2043 974 2080 oum
987 2031 1097 2098 dativo,
1122 2038 1155 2081 nt
1257 2045 1274 2083 ².

106 2098 254 2152 discedere
276 2101 302 2149 ir.
319 2100 338 2148 1.
354 2097 474 2164 cessar,
507 2097 598 2160 posuit
619 2096 914 2162 odolmannus,
939 2097 992 2150 375
1018 2100 1174 2152 Venerem·
1255 2132 1261 2146 ,

106 2170 172 2219 iaec
183 2165 277 2219 Amori
293 2168 425 2218 dicentem
441 2166 564 2218 taciens:
588 2165 708 2219 Pallada
726 2179 820 2220 soene
837 2166 918 2219 vides
936 2167 1154 2221 iectdotricem-

108 2250 161 2304 poe
178 2237 302 2289 iiiam
316 2237 489 2290 discessisse
504 2229 597 2287 mibi?

141 2306 168 2367 S.
180 2307 208 2356 8.
247 2317 315 2368 quos
337 2306 427 2366 adire]
451 2307 535 2367 Boug.
558 2306 615 2357 AB.
630 2302 714 2356 Voss.
736 2304 771 2354 Α.
788 2304 848 2356 Pet.
866 2306 942 2368 Egm.
960 2303 1037 2356 Leid.
1055 2304 1085 2356 0.
1103 2308 1153 2361 Dr.

108 2376 141 2425 A.
158 2377 238 2425 Vrat.
255 2375 311 2424 AB.
327 2376 411 2426 Viud.
426 2376 457 2424 Β.
476 2376 559 2426 Boun-
575 2372 634 2430 (lric
652 2372 773 2433 audire)
789 2375 842 2427 iuc-
866 2375 920 2426 Pro
939 2386 1010 2439 quos
1029 2375 1056 2424 iu
1074 2375 1152 2426 Gerr.

108 2445 178 2496 ltov.
199 2443 261 2494 Pal.
282 2444 366 2506 Βοῦς.
384 2443 415 2494 0.
432 2447 557 2506 quattuor
573 2441 636 2494 aliis
653 2442 720 2491 Oui.
739 2443 787 2493 Dr.
805 2445 835 2491 Β.
855 2444 934 2494 Vrat.
951 2441 982 2494 c.
1000 2444 1080 2494 Gotn.
1097 2447 1155 2497 AB.

108 2513 204 2564 llamb.
220 2511 303 2563 vind
322 2509 416 2564 enni.
433 2515 518 2579 quot,
542 2512 572 2561 in
589 2510 641 2561 (ia.
658 2512 749 2576 quod,
772 2510 802 2561 iu
816 2511 899 2562 vind.
916 2513 948 2561 1).
966 2519 994 2560 ct
1012 2514 1072 2564 edd.
1089 2523 1155 2565 ante

108 2584 170 2633 ald.
189 2590 278 2646 quoe,
307 2578 336 2633 in
352 2582 434 2634 Viud.
451 2582 486 2632 A.
503 2581 576 2632 llas.
594 2581 628 2630 A.
643 2581 706 2629 Alii.
723 2587 777 2628 stc.
794 2593 879 2641 usquo
896 2581 931 2630 ad
947 2579 1014 2630 0ud.
1038 2595 1093 2646 quc
1109 2585 1156 2635 ie-

48 2664 52 2684 ·
108 2651 190 2714 gilur.
216 2663 271 2716 quo
283 2663 332 2713 per
349 2663 381 2700 sc
398 2649 467 2701 satis
483 2647 621 2711 probabile
636 2659 699 2697 esse
712 2660 766 2700 non
778 2647 851 2710 fugit
864 2648 1095 2719 oudendorpium,
1110 2651 1158 2714 qul

108 2719 255 2771 caesarem
277 2721 312 2787 7,
336 2716 371 2769 14
393 2721 485 2771 eodem
509 2715 713 2770 modo'dixisse
736 2717 868 2767 ostendit:
897 2717 976 2768 oicos
995 2720 1082 2783 atque
1104 2733 1157 2772 ec·

110 2788 207 2855 dificia
230 2787 345 2839 incendi
366 2791 503 2856 oportere
519 2787 573 2837 boc
589 2786 685 2851 spatio
702 2799 721 2836 o
736 2785 810 2837 Boio
826 2798 938 2850 quoquo
955 2797 1075 2853 verses,
1099 2802 1157 2853 quo
1219 2838 1223 2847 ,

109 2857 263 2924 pabulandi
287 2870 377 2910 cause
398 2859 482 2910 odire
502 2869 587 2920 posse
609 2856 789 2909 uideamur..
822 2856 898 2914 Adde
919 2852 953 2921 i,
977 2857 1027 2906 20:
1065 2871 1159 2922 neque

110 2929 185 2980 eadm
216 2931 325 2985 temere
352 2931 474 2992 praeter
503 2927 683 2976 mercatores
710 2924 757 2975 iilo
788 2924 845 2982 (sc.
876 2923 1058 2984 Britanniam)
1094 2927 1159 2979 adit

111 2998 272 3063 qumquam.
310 2997 346 3046 ut
367 2997 456 3048 minus
478 2997 606 3046 usitatum
625 2997 690 3056 hoc,
715 3003 796 3055 quam
812 2994 1004 3057 accusativus,
1027 2993 1073 3057 qui
1091 3009 1158 3047 sas-

110 3067 171 3131 pius
197 3079 258 3116 cum
279 3064 363 3115 edire
388 3068 495 3116 iunctus
509 3066 554 3119 ,est
570 3067 614 3122 (ut
631 3068 664 3129 3,
679 3064 698 3115 7
715 3074 763 3112 eas
781 3075 891 3128 quoque
907 3063 1039 3114 nationes
1061 3067 1156 3130 adire,

111 3135 149 3186 ic.
167 3136 199 3185 11
219 3136 325 3185 Remos
343 3137 527 3200 renouasque
542 3134 645 3198 Bebpcs
660 3130 764 3192 odeat,
790 3130 823 3194 i,
840 3134 877 3182 ²0
892 3133 918 3182 si
933 3133 1016 3182 mode
1033 3132 1158 3187 insutum

110 3204 235 3263 edisset)
252 3204 363 3265 ideoque
380 3205 587 3266 praeferendum
604 3200 693 3251 videri
708 3208 816 3266 posset,
843 3201 897 3250 nisi
917 3214 987 3267 quos
1003 3208 1032 3252 et
1047 3205 1157 3267 generis
1186 3216 1189 3221 ·

111 3286 131 3326 e
151 3273 272 3335 proximo
295 3271 401 3323 nomine
423 3268 605 3334 discrepantia
627 3269 734 3320 minime
750 3268 853 3320 usitata
871 3269 920 3321 illa
936 3273 964 3320 et
982 3276 1072 3322 umen
1089 3273 1157 3324 vitio

111 3350 223 3394 tuente
249 3341 399 3404 (syllepsin
420 3340 589 3405 grammatici
612 3341 726 3396 vocant]
750 3345 778 3387 et
795 3339 916 3392 codicum
936 3338 1004 3389 illud
1028 3341 1158 3392 exhiben-

111 3411 178 3461 tium
194 3417 351 3475 comparata
367 3423 428 3462 cum
444 3411 559 3461 alterius
576 3408 696 3459 familias
714 3408 802 3459 indole
819 3408 907 3470 magis
925 3408 1006 3459 etiarn
1021 3421 1158 3462 commen·

112 3481 232 3531 daretur.
270 3479 410 3541 syllepsis
432 3480 556 3540 exempla
579 3479 642 3528 huic
659 3477 896 3528 similius-babes
913 3479 984 3538 apud
999 3475 1158 3531 ciceronem

112 3544 187 3600 Fam.
201 3547 235 3616 5,
252 3551 302 3599 21:
327 3548 433 3615 tibique
443 3547 589 3614 persuade
603 3549 726 3612 praeter
740 3550 853 3610 cuipiam
867 3557 902 3597 oc
915 3548 1083 3616 peccatum,
1099 3562 1159 3615 qao

69 3714 137 3756 rum
148 3694 310 3767 scriptorum
322 3716 405 3770 usus,
427 3716 505 3768 quern
518 3704 596 3755 Han·
639 3703 780 3752 admodum
790 3703 825 3753 ab
833 3701 895 3754 aliis
903 3701 1079 3772 vocabuntur,
1092 3703 1159 3770 item

77 3773 139 3824 dns
152 3775 232 3825 docet
245 3775 363 3824 Turseli.
377 3778 394 3823 2
411 3789 439 3837 p.
452 3775 521 3841 410,
546 3773 597 3823 du·
640 3772 743 3835 pedites
757 3779 837 3824 erant
849 3771 948 3823 leviter
960 3773 1067 3823 armati.

80 3841 303 3895 biistiouiioonm
316 3855 369 3892 uon
382 3842 536 3905 relinquit„
690 3839 717 3898 S.
732 3845 758 3890 2.
798 3842 892 3891 eadem
910 3842 943 3891 de
961 3845 1062 3903 cansa]
1089 3843 1160 3906 quod
1211 3874 1217 3884 ι

129 3911 276 3972 Numidas]
293 3913 366 3962 levis
380 3915 533 3963 armaturae
548 3922 598 3972 pe·
641 3908 766 3972 oppidani
784 3909 811 3961 iu
831 3922 907 3972 spem
932 3910 1160 3963 defendendorum

82 3975 164 4051 ditos,
181 3981 326 4043 dequibus
341 3982 378 4030 cs.
392 3983 465 4032 inira
478 3983 512 4030 ad
525 3992 549 4027 c.
565 3979 599 4028 10
641 3978 757 4028 hostium
772 3984 921 4030 venerant·
947 3980 989 4029 Ea
1003 3980 1074 4030 enim
1091 3992 1160 4031 can-

82 4047 161 4100 ditia.
183 4049 294 4100 :cretes
307 4049 442 4113 sagittarii
460 4052 489 4098 et
507 4047 599 4099 laudi·
643 4060 676 4098 sa
694 4048 800 4115 iuerat,
825 4060 874 4098 our
891 4045 950 4098 illis
965 4049 1081 4102 stadium
1093 4060 1160 4114 pto-

82 4119 291 4173 iercsiialcares
305 4120 494 4184 scunarium,
506 4130 599 4184 quem·
641 4117 777 4183 pugnandi
787 4124 943 4183 augeretur.
