2572 4688
408 220 761 320 enarrarre.
1066 272 1130 321 ω

26 460 173 531 pressus
197 446 269 512 cut.
317 438 383 509 lllu
401 439 489 507 euim
509 437 546 505 in
564 438 728 530 templum
749 433 918 527 aNepoto
930 443 967 507 ut
982 436 1130 519 caesare

33 551 239 635 occupatum
256 543 369 612 auimo
385 544 574 612 lentissimo
589 551 625 611 st
637 545 715 609 loco
728 541 819 608 iuter
832 549 1012 632 utrumque
1027 555 1128 636 capto

38 651 270 719 recitationem
298 650 386 736 legis
415 646 578 737 quamdiu
604 651 759 738 poterat,
790 646 979 734 probibuit,
1007 647 1129 721 deinde

41 774 103 835 ,mm
118 761 336 821 armatorum
352 753 482 841 impetn
497 750 700 819 deturbatus
714 751 894 834 cessisset,
914 759 1051 838 praeter
1069 777 1128 822 ex-

47 858 280 947 spectationem
300 879 376 924 cum
399 857 473 923 suis
493 878 652 925 reversus
672 852 888 923 adversarios
914 856 963 922 ita
991 861 1129 943 terruit,

49 968 77 1029 u
90 960 211 1053 Nepos
234 962 360 1029 iterum
376 961 534 1029 concione
552 965 733 1028 convocata
746 960 959 1039 vehementur
976 963 1012 1028 in
1026 961 1129 1031 Cato·

50 1086 109 1133 uem
125 1067 272 1154 adusque
291 1087 431 1151 reguum
451 1066 604 1132 invectus
623 1062 736 1130 edicto
755 1063 792 1131 in
817 1072 973 1132 senatum
1003 1088 1129 1158 propo·

51 1168 105 1235 aits
131 1170 293 1253 celeriter
321 1168 365 1234 ad
394 1166 592 1257 Pompeium
622 1162 657 1233 il
685 1165 810 1234 Asiam
839 1168 1127 1257 proficisceretur.

52 1270 157 1361 lisque
170 1293 252 1341 vero
269 1271 420 1354 senatui,
445 1273 505 1360 qui
521 1277 600 1360 post
613 1270 760 1359 priorem
774 1267 921 1360 Nepotis
935 1277 1126 1345 concionum

52 1385 161 1443 mutem
184 1382 376 1443 mutaverat
399 1382 523 1443 etrum
542 1373 712 1461 publicam
737 1376 954 1461 consulibus,
984 1401 1026 1446 ue
1043 1379 1127 1475 quid

53 1476 232 1547 detrimenti
245 1486 400 1567 caperet,
421 1476 627 1560 tradiderat,
648 1481 683 1543 in
699 1499 740 1544 uo
755 1478 939 1547 coercendo
960 1485 1125 1555 severitas

54 1578 169 1671 deluit..
185 1582 490 1671 removendumque
509 1604 585 1649 cum
598 1582 780 1668 ignominia
796 1582 880 1649 arui
893 1584 1051 1671 publicae
1066 1587 1127 1655 ad·

55 1684 288 1775 miuiqtratione
309 1685 467 1759 decrevit.
519 1684 597 1772 Quo
617 1687 770 1773 exemplo
791 1682 918 1754 Caesar
937 1688 1127 1761 deterritus

55 1782 194 1881 Catulum
222 1813 376 1878 quoque,
411 1790 455 1859 ad
476 1811 575 1878 quem
600 1788 845 1863 defundendum
865 1793 1049 1879 optimates
1063 1817 1125 1863 reo

54 1888 118 1959 licto
136 1893 437 1965 statim-uovorum
460 1893 635 1959 consulum
660 1891 771 1959 ellicic
791 1892 985 1981 frequentes
1003 1906 1124 1965 consui
1253 1942 1257 1953 ·

55 1990 238 2078 aruissent,
257 1999 417 2087 persequi
430 1996 577 2066 destitit.
610 1995 724 2063 Etiam
738 1997 849 2063 oratic
864 1998 937 2068 eius
952 2000 1128 2071 ferebatur

53 2094 95 2165 lis
106 2100 222 2169 diebus
237 2122 301 2191 pro
315 2102 455 2169 Metello
470 2100 597 2183 babitu,
617 2121 717 2186 quam
732 2108 843 2171 tamon
855 2101 1041 2189 Angustus
1055 2106 1127 2175 ext

30 2204 197 2272 'adnabat
221 2207 331 2293 magis
357 2207 401 2273 ab
428 2204 591 2273 actuariis
613 2210 787 2292 exceptam
807 2207 894 2275 male
915 2206 1127 2296 subsequen·

51 2305 129 2377 bbus
140 2308 245 2389 rurba
257 2308 412 2391 dicentis,
433 2330 533 2397 quam
549 2308 592 2375 ab
608 2308 684 2398 ipso
696 2306 835 2391 editam,
847 2331 1023 2399 quemque
1039 2311 1126 2381 Sue·

51 2412 147 2479 buius
164 2411 419 2505 inquibusdam
435 2413 684 2502 exemplaribus
705 2434 747 2479 ne
761 2414 959 2507 inscriptam
977 2414 1125 2503 quidun,

51 2515 260 2601 utdubebat„
280 2540 344 2603 pro
364 2516 527 2594 Metello,
556 2514 618 2582 sed
634 2539 731 2601 quam
746 2524 879 2604 scripsit
894 2518 1052 2602 Metello,
1073 2520 1126 2588 iu.

50 2618 143 2701 iuuit,
168 2641 246 2693 cum
266 2641 471 2710 expensura
492 2618 652 2689 caesaris
674 2640 786 2687 sermo
808 2628 918 2703 esset,
946 2622 1124 2693 Metellum
1158 2640 1165 2655 ·

49 2742 139 2811 teque
157 2724 324 2809 adversus
342 2724 566 2791 communium
587 2723 851 2797 obtrectatorum
872 2724 1124 2796 criminationes
1177 2789 1179 2793 .

21 2842 26 2907 1
48 2829 226 2916 purgantis.
285 2827 441 2896 (loturum
460 2828 621 2895 Metellus
642 2821 769 2892 Catone
786 2824 951 2895 suadente
971 2826 1125 2920 Pompeii

22 2932 26 2947 '
49 2933 145 3015 gratia
163 2932 463 3009 senatusconsulto
483 2931 680 2999 sublevatus
700 2937 767 3000 est.
808 2925 947 2999 Caesari
967 2953 1046 3003 vcro
1064 2956 1125 3002 no·

48 3054 112 3103 mm
128 3035 303 3121 nogotium
324 3035 547 3101 exhibuerunt
566 3034 611 3122 Q.
632 3030 754 3100 Curius
773 3043 913 3101 ssrmtor
930 3041 965 3101 et
979 3035 1021 3106 L.
1037 3036 1126 3105 Vet÷

48 3140 105 3207 tius
116 3138 237 3222 ludex,
259 3162 362 3229 eques
376 3138 560 3225 Romanup,
581 3138 640 3226 qui
653 3160 728 3204 oum
743 3140 839 3207 ambe
856 3139 1126 3227 coniuravissent
1197 3199 1199 3202 ,

48 3263 111 3309 mm
130 3240 282 3311 Catilina
299 3249 335 3310 et
353 3243 556 3331 impunitate
569 3242 859 3332 praemiorumque
873 3265 935 3331 spe
946 3247 1125 3334 proposita

47 3347 177 3417 romine
188 3350 299 3435 multa
322 3348 573 3417 coniuratorum
586 3346 818 3429 detulissent,
840 3345 1020 3419 Caesarem
1035 3351 1126 3420 inter

48 3450 175 3539 umdsuq
194 3454 284 3533 alter
297 3451 333 3519 iu
351 3458 493 3533 senatu,
511 3450 705 3541 altorapud
719 3440 865 3521 Novium
882 3449 1048 3540 Nigrum,
1067 3454 1125 3522 cui
1253 3450 1256 3455 ’

24 3552 79 3621 lea
102 3555 259 3643 quaestio
287 3554 487 3637 demandata
516 3562 608 3639 urat,
641 3554 910 3625 nominaverunt.
959 3554 1124 3627 Guriuee

24 3626 241 3745 ldutiliuequ
261 3661 465 3757 cognovisse¹
483 3657 634 3740 dicebat,
664 3658 803 3726 Vettius
825 3658 928 3725 etiam
951 3660 1124 3748 chirogra-

49 3760 416 3851 phumque-§atiliano
432 3761 548 3829 datum
562 3763 800 3853 pollicebatur.
839 3760 885 3851 Id
899 3782 979 3829 vere
996 3760 1125 3834 Caesar

24 3862 28 3917 ἶ
49 3867 127 3936 uuo
146 3866 248 3936 modu
267 3865 481 3953 tolerandum
492 3866 715 3948 existimans,
737 3884 812 3931 curu
829 3864 1014 3954 imploratu
1026 3866 1124 3936 Glos-

25 3943 34 4051 ᾖ
49 3969 127 4037 roais
139 3972 337 4055 testimonio
351 3970 515 4059 quasdam
529 3992 567 4039 se
581 3969 624 4037 de
635 3970 864 4038 coniuratione
878 3971 973 4037 ultro
987 3969 1031 4037 ad
1043 3992 1121 4038 eum

25 4058 30 4143 l
51 4064 411 4171 lambresfflocqissut,
433 4096 477 4157 uo
488 4075 594 4155 curio
605 4073 774 4165 praemia,
792 4069 1027 4241 qaqdprimus
1042 4094 1122 4141 ccu-

26 4412 36 4459 l

10 4512 30 4625 j
