2572 4688
123 222 193 296 scs
301 319 306 332 ι
382 174 455 294 oa
482 219 668 297 sesso
698 219 951 297 uossrco

129 428 205 479 mm
225 433 337 479 rarum
359 433 510 499 magnam
531 418 661 500 partem
681 412 844 506 temporis
862 410 1012 479 brevitas
1028 414 1065 477 et
1078 428 1215 477 susem·

88 507 111 572 Β
133 519 193 573 sus
214 501 360 567 bostium
381 501 598 591 impediebat.
673 500 741 567 His
767 499 1024 567 difficultatibus
1047 496 1216 565 duceres

131 593 230 657 osani
251 587 419 655 subsidio:
448 589 591 655 scientia
607 593 708 674 atque
721 610 804 654 usus
818 588 980 668 militurn,
1005 585 1099 674 quod
1113 607 1219 674 supe-

17 741 20 749 ,
131 674 280 741 rioribus
296 677 435 763 proeliis
448 676 641 756 exercitati,
662 675 742 763 quid
759 675 833 742 lieri
847 682 1038 762 oporteret.
1062 695 1129 739 noe
1152 673 1219 739 mi·

53 823 57 827 ,
131 783 196 828 uus
211 762 381 829 commode
396 763 464 850 ipsi
477 763 542 829 sibi
557 763 804 850 praescribere,
832 784 931 849 quam
947 761 989 826 ab
1005 758 1083 827 aliis
1099 759 1219 826 duceri
1238 780 1241 784 ·

13 878 17 885 ·
178 857 309 933 terunt,
337 857 373 914 et
392 849 481 936 quod
499 851 540 916 ab
556 871 656 937 opere
670 850 880 936 singulisque
892 849 1082 933 legionibus
1099 848 1219 934 singu-

131 870 186 1002 ide
202 935 333 1022 legatos
347 936 474 1006 Caesar
490 936 662 1004 discedere
675 940 741 1004 nisi
756 937 895 1002 munitis
907 936 1030 1002 eastris
1047 942 1219 1003 vetuerat.

91 1020 184 1121 iffi
206 1032 347 1116 propter
367 1025 706 1117 propinquitatem-et
727 1025 933 1093 celeritatem
955 1023 1104 1091 bostium
1129 1023 1220 1090 nibil

202 1215 272 1282 cap.
286 1218 330 1270 20.
348 1215 376 1278 8.
390 1220 418 1268 2.
442 1225 471 1269 ct
483 1222 643 1281 successus]
668 1221 750 1284 llong.
764 1221 790 1269 A
805 1217 845 1280 (is
856 1230 875 1270 s
886 1230 922 1269 m.
935 1230 979 1281 pr.
995 1217 1027 1269 et
1039 1215 1091 1268 sud
1103 1219 1217 1278 seem]

151 1285 201 1337 ιΒ.
221 1287 278 1336 l’er.
298 1289 331 1343 Ν.
350 1290 420 1339 Itos.
439 1289 512 1341 Βιιι.
527 1290 604 1353 ligni.
617 1291 705 1341 codex
716 1289 832 1354 literni,
856 1289 917 1340 cod.
931 1285 1050 1349 urendi,
1073 1287 1127 1338 duo
1138 1287 1219 1351 oud,

168 1365 300 1419 excerpta
320 1357 475 1423 Pulmsuni,
501 1359 602 1411 lic-ta.
615 1360 695 1410 Vrat.
715 1359 771 1409 AB.
791 1358 888 1408 llamb.
905 1357 989 1408 Bono.
1011 1355 1064 1407 do.
1083 1355 1167 1407 vind.
1187 1356 1219 1404 Β.

169 1421 225 1474 ιιι.
247 1427 279 1477 st
295 1425 430 1477 incursus
448 1427 525 1477 Leid.
540 1428 573 1477 A.
587 1427 669 1479 Viud.
680 1431 714 1478 ll.
728 1427 799 1478 liar.
811 1429 846 1477 A.
860 1426 991 1489 Aldinae,
1014 1424 1063 1475 Gr.
1074 1424 1118 1475 ab.
1130 1424 1218 1476 vase.

170 1493 263 1556 ltepit
276 1495 352 1546 l'urr.
367 1494 410 1546 ci.
434 1498 464 1547 et
477 1508 625 1548 successus
638 1498 669 1548 et
681 1497 818 1546 incursus
832 1494 946 1559 reliqui,
963 1493 1136 1557 dividetur,
1148 1492 1220 1546 ond.

170 1563 201 1614 et
216 1560 340 1614 ex'meis
358 1565 405 1615 Dr.
426 1565 456 1614 Β.
469 1565 551 1617 Vret.
566 1564 596 1616 G.
611 1565 692 1616 Goth.
705 1569 739 1617 A.
752 1567 783 1615 Β.
797 1577 856 1614 cum
870 1562 984 1626 reliquis
996 1562 1058 1613 edd.
1081 1561 1132 1613 Cot
1145 1562 1221 1612 seri-

169 1638 266 1693 pterae
285 1635 353 1695 quod
367 1633 435 1684 oud.
450 1635 612 1696 praesidium
625 1649 642 1686 a
656 1634 785 1685 Caesaris
798 1633 992 1683 consuetudine
998 1632 1073 1694 petit
1084 1632 1154 1682 duas
1166 1643 1222 1683 vo-

171 1709 220 1750 ces
233 1702 375 1767 iungendi,
393 1715 507 1765 quarum
522 1705 611 1756 altera
624 1704 738 1755 alterius
752 1702 939 1765 interpretatio
951 1700 1002 1766 sit,
1020 1701 1125 1751 trustra
1140 1708 1222 1763 pete-

169 1779 202 1820 re
219 1769 342 1837 videtur,
369 1784 431 1821 cum
450 1786 536 1837 neque
555 1785 703 1824 successus
722 1771 889 1822 celerrimum
909 1778 938 1819 et
955 1781 1112 1832 prosperum
1124 1768 1223 1820 incur-

171 1849 249 1902 sum,
272 1841 491 1903 quemadmodum
509 1841 569 1904 ipse
589 1844 797 1904 iuterpretatur,
823 1839 978 1899 siguificare
998 1839 1098 1905 possit,
1122 1851 1223 1905 nque,

171 1907 199 1956 si
220 1909 324 1976 possit,
348 1912 435 1961 solum
449 1911 585 1962 incurres
599 1913 633 1961 ad
648 1924 708 1960 eam
722 1909 944 1974 significationem
961 1909 1224 1960 commonstrarem

172 1975 301 2028 sufficiat.
334 1978 387 2029 Sed
408 1981 516 2029 codices
535 1981 743 2042 respicientibus
763 1979 811 2028 vix
831 1978 940 2031 dubium
954 1990 1017 2028 esse
1029 1985 1132 2043 potest,
1157 1979 1225 2043 quin
1274 2026 1281 2039 ,

170 2043 277 2097 (iaesar
297 2050 509 2111 necutrumque
531 2048 627 2110 simul,
653 2051 702 2097 sed
716 2056 763 2098 ιιι
777 2051 807 2098 ot
823 2058 971 2098 aurosum
992 2046 1150 2110 scripserit,
1175 2054 1225 2098 ant
1280 2042 1283 2049 '

172 2116 204 2168 et
216 2115 370 2172 incursasse
392 2127 504 2178 quorum
518 2119 568 2166 hoe
583 2117 711 2166 usitatum
724 2118 811 2174 magis
829 2118 881 2182 (ci.
893 2116 954 2166 civ.
969 2119 1000 2183 l,
1014 2112 1048 2166 il
1068 2115 1096 2177 S.
1110 2113 1129 2167 l
1147 2124 1177 2165 et
1188 2118 1224 2167 71

174 2184 202 2246 s.
217 2186 250 2244 d)
272 2186 320 2233 scd
341 2186 376 2234 ad
395 2185 521 2244 impetum
541 2198 590 2248 per
608 2188 697 2236 locum
714 2187 848 2235 acclivem
861 2193 889 2235 et
903 2186 1022 2237 adverso
1035 2187 1107 2241 colle
1120 2185 1226 2237 iactum

172 2252 263 2305 minus
282 2261 390 2319 aptum,
413 2253 481 2302 iliud
502 2268 603 2305 novum
623 2255 760 2320 fortasse,
786 2262 815 2305 at
835 2255 1006 2316 perspicuum
1019 2261 1047 2304 et
1059 2253 1100 2304 rei
1114 2265 1225 2307 eccum-

174 2320 389 2377 modatissimum
407 2322 496 2373 videri
517 2326 631 2384 poterat.
665 2325 734 2374 Nam
752 2331 783 2372 ιι
802 2325 957 2375 succedere
972 2327 1003 2390 l,
1022 2322 1057 2375 25
1074 2320 1101 2383 8.
1119 2323 1136 2374 b
1156 2331 1185 2374 et
1197 2326 1226 2391 8,

116 2402 119 2412 ¹
175 2389 210 2442 41
230 2388 256 2450 S.
271 2392 288 2438 Β
304 2389 324 2439 ιι
338 2390 479 2460 dicuntur,
503 2391 548 2453 qui
562 2392 589 2442 in
603 2395 692 2442 locum
704 2391 804 2442 editum
816 2393 952 2456 pugnandi
966 2403 1051 2442 causa
1066 2394 1226 2460 ascendunt,

175 2460 216 2510 ita
229 2471 377 2511 successus
391 2460 462 2511 actio
475 2460 529 2511 dici
540 2464 632 2525 potest
645 2460 857 2530 ascendentium,
874 2460 921 2516 but
935 2453 1137 2532 &truttitdtittt
1166 2462 1228 2514 lta·

175 2541 229 2594 que
242 2531 290 2579 ιιι
305 2531 510 2594 praeterendum
524 2529 629 2595 putavi.

212 2597 239 2657 s.
252 2594 278 2647 l.
296 2606 406 2661 propter
417 2599 645 2664 propinquitatem
660 2606 688 2649 et
701 2597 881 2658 celeritatem]
897 2601 1022 2668 propter
1032 2599 1086 2654 eei.
1098 2600 1129 2652 et
1137 2611 1227 2665 prop.

176 2665 258 2717 iilud.
272 2668 307 2716 A.
320 2667 383 2717 Ali.
396 2676 424 2718 et
440 2682 499 2732 sqq.
512 2682 597 2732 usquc
610 2670 644 2718 ad
660 2668 743 2733 θιὼ,
766 2667 811 2731 qui
825 2663 907 2718 tacite
920 2682 980 2718 ctrrn
994 2671 1137 2725 verborum
1152 2670 1228 2719 ordi-

165 2745 240 2788 ·uem
257 2734 395 2805 restituit,
419 2737 466 2808 qui
479 2737 507 2790 iu
517 2738 652 2805 prioribus
666 2739 728 2793 edd.
742 2737 772 2793 et
785 2749 842 2789 seo.
855 2749 899 2790 ox.
913 2738 996 2792 Febr.
1006 2738 1038 2791 ln
1049 2740 1132 2805 Boog.
1145 2738 1228 2813 silc.

143 2906 354 2973 otwupatutur.
393 2909 511 2964 Similia
535 2913 601 2965 tube
625 2911 664 2978 ld,
708 2918 772 2964 stat.
798 2908 895 2962 llisde
909 2910 1001 2962 causis
1014 2907 1232 2965 dissentiendum

144 2979 215 3038 quod
237 2979 315 3028 uobis
335 2977 459 3045 videtur,
484 2983 677 3046 significabat,
707 2980 772 3035 mihi
786 2981 952 3045 aplerisque
963 2981 1080 3033 videtur.

144 3047 199 3098 boe
218 3048 367 3099 extremum
386 3051 457 3101 baud
477 3052 556 3117 dubie
570 3051 668 3115 proclii
760 3050 787 3110 S.
801 3055 827 3105 2.
850 3049 1231 3113 magnampartsm11lx.se-

115 3144 120 3153 ,
146 3114 264 3181 signum,
281 3119 349 3178 quod
361 3119 390 3168 et
403 3118 491 3182 ipsum
505 3120 569 3172 tuba
581 3122 668 3171 debu·
710 3119 852 3183 questibus
863 3118 1000 3181 colligitur
1013 3119 1127 3180 primum
1140 3126 1170 3168 et
1183 3132 1233 3168 se-

111 3244 115 3252 ,
147 3190 194 3236 tar
213 3191 241 3233 ct
260 3187 411 3238 classicum
425 3190 533 3251 proprie
549 3192 669 3241 vocaba-
710 3191 827 3239 eundum
847 3190 875 3238 et
894 3189 1012 3250 quintum
1025 3199 1134 3253 eorum,
1158 3201 1232 3251 quae

128 3279 131 3283 ⁴
148 3261 204 3318 tur,
224 3253 423 3308 dictumuideri
435 3266 532 3321 potest.
560 3259 611 3311 cul
623 3259 668 3308 in·
710 3259 815 3322 agenda
832 3257 918 3308 luisse
932 3257 1096 3320 dictasunt,
1120 3266 1234 3319 propter

148 3324 339 3382 terpretationi
354 3325 468 3387 primum
481 3337 508 3378 et
521 3328 668 3390 praecipue
709 3327 839 3388 temporis
859 3326 1033 3393 exiguitatem
1049 3326 1095 3390 agi
1107 3339 1162 3377 nou
1179 3337 1235 3392 po-

149 3391 317 3454 suffragatur
329 3397 397 3456 quod
411 3409 436 3446 o.
449 3399 483 3447 21
498 3397 600 3448 Caesar
613 3395 670 3445 mi·
710 3396 818 3453 tuisse·

149 3459 217 3513 lites
230 3461 401 3514 cohortatus
417 3466 522 3528 proclii
539 3466 670 3518 commit·
764 3464 824 3524 (5.3.
848 3464 899 3516 llis
912 3462 1131 3522 difficultatibus]
1151 3462 1234 3514 Haud

150 3529 234 3582 teudi
268 3532 382 3598 siquem
416 3534 528 3587 dedisse
560 3537 670 3602 dieitur,
711 3535 791 3584 dubie
806 3535 915 3584 dativus
928 3536 986 3595 cst,
1010 3543 1063 3581 nou
1083 3531 1235 3581 ablativus.

152 3598 249 3652 deiude
284 3603 354 3665 quod
384 3603 536 3669 ubicunque
568 3606 597 3657 iu
626 3605 671 3654 iris
713 3605 756 3655 cf.
773 3603 833 3654 civ.
847 3604 948 3667 esto:
972 3600 1017 3650 bie
1036 3600 1130 3650 tontis
1149 3601 1235 3651 ηιαιίι

153 3666 360 3720 commentariis
383 3673 454 3736 signi
483 3673 540 3727 dati
570 3675 671 3725 mentio
714 3674 785 3725 iaec
796 3667 921 3723 retemta
933 3669 1154 3721 succurrebant.
1181 3670 1235 3718 lli-

154 3736 202 3803 ut,
224 3737 271 3787 vel
284 3737 380 3803 proclii
392 3743 439 3792 vel
453 3741 569 3806 impetus
583 3743 673 3794 elicu—
715 3755 791 3805 span.
811 3745 862 3792 el:
889 3740 988 3806 quitus
1014 3738 1150 3802 oppidum
1172 3738 1236 3802 fuit

155 3804 200 3862 ins
219 3805 324 3868 signnm
344 3809 395 3861 est.
432 3811 476 3862 cl.
497 3816 529 3877 1,
547 3811 581 3864 52
599 3810 627 3870 S.
641 3816 673 3873 ²3
715 3810 851 3862 subsidio.
870 3809 965 3859 ibid:
983 3821 1056 3872 quae
1070 3819 1121 3860 ree
1132 3820 1237 3859 eorum

155 3877 190 3941 ⁸,
208 3873 225 3927 ⁵
242 3874 269 3938 t·
282 3881 314 3938 us
339 3880 372 3930 19
396 3877 423 3939 s·
436 3883 470 3945 ²3
496 3883 531 3947 ι,
548 3883 584 3934 27
601 3881 627 3941 s.
642 3885 675 3944 2,
715 3880 794 3934 cetae
808 3878 931 3930 suessae
946 3879 1015 3944 fuat.

157 3940 193 3994 ts
212 3952 281 3997 extr.
303 3945 355 4009 le,
380 3949 407 4009 s.
426 3946 459 4013 ις
489 3949 522 4018 8,
545 3952 580 4001 36
604 3947 674 4010 Μ.
773 3948 800 4010 S·
820 3946 846 3999 4.
887 3948 967 4006 nillil]
997 3947 1056 3996 lloc
1072 3942 1188 4008 gravius
1208 3945 1238 3993 st

123 4072 128 4079 Ι
157 4012 278 4065 Tesserae
295 4027 364 4067 vero
377 4031 510 4082 nusquam
524 4032 542 4070 a
555 4019 675 4071 Caesare
717 4016 847 4069 disertius
864 4019 962 4081 negat,
986 4027 1066 4078 quam
1084 4027 1153 4064 non.
1193 4011 1237 4063 cl.

63 4094 65 4098 ·
157 4088 206 4137 aut
226 4080 362 4138 nominato
380 4095 427 4140 aut
447 4086 602 4154 significata
625 4101 676 4142 ex·
718 4090 751 4159 o,
767 4091 801 4142 1³
819 4085 845 4150 S.
860 4088 892 4138 9:
916 4084 990 4138 nibil
1004 4083 1238 4141 cooaeternus
