2572 4688
21 265 187 345 aun
306 300 311 311 ,
384 308 387 333 1
446 198 794 354 rnnarlrro.
869 248 872 257 ¹

80 431 226 516 indieio,
245 429 307 521 qni
320 449 395 497 enus
408 428 462 498 bis
481 430 518 499 in
534 427 637 497 robae
649 447 806 495 eumarum
817 435 987 491 morum
1001 417 1172 509 appellet,

81 539 167 607 satis
187 537 329 625 probata
351 532 469 601 baberi
493 531 648 602 debeant.
699 528 774 599 Nee
795 526 919 595 minori
935 546 1014 593 aum
1037 522 1107 603 lide
1127 545 1171 599 aa

81 636 260 728 diligentia
279 637 315 705 in
337 637 411 706 suis
433 638 586 707 eonsiliis
601 633 828 723 explicandis,
847 633 944 699 ouius
958 629 1010 697 rai
1025 630 1171 696 verissi-

81 764 171 811 mam
192 742 367 811 seientiam
387 742 423 811 in
444 764 486 811 oo
505 741 613 809 fuisse
632 738 771 807 Hirtius
792 739 828 804 in
849 733 1058 826 praefatione
1084 731 1171 799 libri

82 843 192 914 natavi
205 843 403 935 praedicat„
415 846 498 916 item
511 822 547 914 il
560 839 735 911 tradendis
748 862 860 909 rarum
873 846 1047 924 gestarum
1063 845 1169 924 atquo

81 956 259 1019 eventuum
273 948 432 1035 summis,
454 972 541 1040 quae
552 969 613 1016 nee
625 946 725 1027 facile
738 951 894 1034 poterant
906 934 1096 1019 adulterari
1110 962 1169 1007 no-

82 1074 148 1144 que
167 1058 208 1120 nt
226 1053 519 1137 adulterarentur,
542 1073 628 1142 opus
642 1049 828 1131 habebant,
848 1054 1004 1116 versatus
1019 1043 1169 1116 ridetur.

84 1154 155 1226 Sed
176 1155 218 1222 ds
239 1160 353 1227 nausis
371 1159 557 1237 bellorum,
585 1174 672 1244 quae
687 1155 797 1222 omnia
811 1153 941 1242 paritor
952 1153 1043 1219 iusta
1054 1169 1094 1217 aa
1109 1171 1169 1216 ne·

83 1252 232 1326 cessaria
255 1261 323 1330 sibi
343 1263 450 1332 luisse
471 1262 697 1340 domonstrat,
724 1257 767 1325 de
780 1259 968 1344 legatorum
981 1255 1171 1340 legionum·

83 1383 150 1452 que
171 1363 313 1432 mirifica
332 1387 434 1455 saepe
453 1367 598 1446 virtuts,
623 1361 667 1429 de
682 1383 744 1430 sua
759 1383 964 1448 suorumque
978 1381 1053 1428 oum
1068 1355 1171 1426 vietis

3 1526 9 1543 x
84 1465 206 1553 agendi
220 1468 351 1535 rationo
365 1467 536 1539 moderata
549 1469 610 1535 illa
625 1473 728 1555 atque
743 1466 962 1533 humanitatis
978 1465 1090 1554 plana,
1111 1459 1171 1529 ds·

84 1570 188 1658 nique
210 1569 252 1638 do
273 1572 447 1654 omnibus,
475 1594 562 1660 quoe
585 1570 629 1639 ad
646 1572 768 1638 lamam
784 1570 1044 1657 ‚opinionemque
1061 1564 1171 1632 homi·

84 1692 165 1740 num
185 1676 361 1743 tenendam
385 1677 611 1765 pertinerent,
638 1675 803 1742 insertum
819 1681 891 1756 est,
918 1695 984 1760 qna
1000 1668 1066 1738 fido
1083 1668 1170 1736 anri·

84 1777 207 1867 poerit.
257 1777 396 1847 Minime
417 1778 505 1847 enim
527 1776 655 1848 Caesen
676 1778 707 1845 is
727 1785 822 1859 erat,
853 1779 1047 1867 quiveram
1070 1793 1172 1864 praa-

84 1888 228 1971 poneret
250 1883 349 1964 utili,
373 1883 574 1970 praesertim
594 1883 669 1973 ipso
683 1881 726 1950 de
741 1904 779 1950 se
793 1880 962 1961 seribere,
981 1903 1049 1968 que
1062 1881 1098 1945 in
1112 1898 1172 1964 go·

85 2004 167 2052 nare
181 1984 302 2055 Cicero
316 1987 499 2053 multorum
516 1993 552 2054 ot
565 1988 732 2054 alanorum
748 1985 894 2051 virorum
907 1985 1094 2069 exemplum
1116 2000 1170 2047 re-

85 2085 236 2179 spiuiens
253 2094 289 2155 ot
302 2085 482 2156 Lueeeium
502 2087 665 2181 historiae
680 2088 880 2178 scriptorem
899 2088 1071 2178 appellans
1087 2085 1170 2151 haee

85 2188 171 2260 vitia
185 2192 283 2281 qnasi
296 2191 464 2260 naturalia
479 2193 592 2279 pouit,
610 2199 651 2259 ut
663 2200 699 2259 et
707 2190 928 2260 verecundius
942 2191 1009 2280 ipsi
1028 2189 1071 2257 de
1092 2210 1171 2256 sesa

86 2293 236 2364 seribere
257 2298 440 2381 negantur,
466 2295 498 2361 si
516 2293 598 2383 quid
612 2294 660 2363 sit
675 2293 899 2377 laudandum,
920 2304 959 2364 ot
972 2295 1170 2386 praeterire,

87 2396 216 2487 siquid
228 2396 535 2488 reprehendendum
550 2398 598 2466 sit
629 2397 676 2486 (F
677 2422 741 2468 am.
756 2401 799 2482 ὅ,
821 2403 865 2468 12
882 2401 910 2483 §-
924 2400 978 2487 8.)
1018 2395 1093 2466 Nee
1111 2395 1171 2464 de-

87 2507 170 2570 sunt
192 2519 293 2572 vonas
316 2501 525 2589 aequalium,
555 2523 642 2591 quae
659 2504 803 2573 eollatao
818 2525 893 2573 aum
908 2501 1170 2572 Commentariis

4 2642 9 2653 ·
85 2602 131 2675 da
147 2606 266 2673 borum
288 2604 355 2675 fido
373 2604 616 2673 dubitationem
637 2628 770 2677 movero
787 2606 936 2696 possint.
978 2603 1169 2689 Prorogato

85 2707 127 2797 in¹
143 2711 288 2779 alterum
307 2707 569 2799 quinquennium
591 2706 780 2780 Galliarum
803 2710 947 2799 imperio
968 2711 1063 2777 nulla
1086 2708 1171 2776 belli

86 2811 262 2883 eonasione
289 2835 333 2881 no
360 2811 480 2882 iniusti
507 2813 643 2901 quidem
664 2803 704 2883 on
725 2815 908 2904 perieulosi
930 2812 1105 2881 abstinens
1132 2817 1171 2877 et

85 2921 157 2984 tans
177 2915 392 2999 foederatas,
419 2936 521 3004 qnam
542 2917 684 3007 iniastas
704 2940 743 2988 oe
763 2921 854 2988 feras
874 2926 991 3007 gentos
1011 2919 1104 2985 ultro
1116 2916 1170 2982 la·

86 3041 222 3089 aessens
240 3020 394 3089 efferisso
415 3018 562 3104 dieitur,
581 3028 622 3089 nt
635 3029 773 3092 senatus
786 3025 918 3108 lagatos
934 3020 977 3090 ad
991 3023 1171 3111 exploran-

86 3121 166 3192 dum
193 3132 322 3193 statum
343 3122 533 3195 Galliarum
554 3125 736 3194 mittendos
757 3125 1002 3194 deearneretao
1015 3124 1171 3193 nonnulli

86 3223 273 3296 dedendum
287 3248 363 3295 eum
377 3229 534 3299 hostibus
549 3237 723 3299 conserent
744 3230 859 3318 (Suet.
870 3227 938 3298 lul.
950 3230 1036 3316 24.).
1073 3226 1170 3296 ldem

84 3328 122 3399 iu
141 3328 255 3399 Gallia
275 3330 353 3413 lana
374 3334 569 3423 templaque
586 3335 724 3406 deorum
745 3331 845 3401 donis
859 3332 984 3400 referta
998 3331 1171 3421 expilasse

45 3514 47 3519 .
85 3439 123 3502 et
135 3432 240 3505 urbes
253 3428 400 3506 diruisse
415 3439 553 3528 saepius
565 3438 610 3505 ob
624 3438 801 3529 praedam,
822 3459 923 3527 quam
938 3435 982 3503 oh
995 3434 1171 3515 deliotnm,

84 3537 232 3629 indeque
257 3560 340 3608 auro
368 3539 559 3611 abundasse
583 3564 603 3608 a
627 3541 829 3631 quibusdam
856 3538 1062 3628 arguebatur
1096 3535 1170 3625 (ld.

85 3641 135 3715 in.
154 3643 241 3731 bd).
281 3641 425 3712 Fuerint
441 3644 512 3713 ista
530 3645 803 3716 adversariorum·
816 3647 975 3715 erimina:
998 3642 1084 3710 nihil
1095 3643 1171 3710 veri

85 3744 229 3815 iuluisse
249 3747 327 3834 quis
347 3741 522 3838 praestet?
565 3749 747 3819 Praeterea
770 3774 836 3820 non
852 3755 961 3819 solum
974 3746 1094 3818 cinero
1110 3746 1171 3813 lit-

86 3848 171 3917 toris
182 3872 204 3917 a
220 3847 367 3920 Caesare
382 3851 426 3920 do
441 3851 572 3922 Galliae
587 3855 677 3922 bollo
692 3855 833 3923 Romam
848 3854 983 3934 missis,
1009 3849 1169 3939 aquibus

86 3947 318 4039 diaorepantes
334 3953 602 4026 Gemmantarios
625 3980 691 4027 nan
704 3959 813 4028 luisse
827 3963 1086 4025 consentaneum
1103 3958 1171 4032 ost,

86 4071 153 4144 nen
167 4054 308 4124 multum
321 4057 483 4147 tribuisse
495 4061 646 4146 ridetur,
665 4061 747 4133 dnm
759 4061 924 4132 Trebatio
943 4057 1084 4128 seribit:
1115 4055 1170 4121 Ta
