2572 4688
1198 74 1202 105 ἱ
1220 64 1223 69 .

407 244 518 327 tis.
542 244 594 319 11.
636 241 756 318 CAP.
782 246 827 314 21
1094 241 1162 310 lcii

77 439 148 508 iem
164 434 322 507 caesaris
337 434 515 542 imperium
536 433 792 524 exspectabant,
814 431 875 502 sed
889 455 951 523 per
961 457 997 501 se
1011 457 1099 524 queo
1111 436 1163 504 vi·

55 523 597 601 ,debentur-administrabant.=
652 526 710 589 21.
744 521 872 590 Caesar
891 525 1089 590 necessariis
1109 547 1164 590 re·
1205 515 1210 538 '

78 615 146 681 bus
161 612 337 701 imperatis
351 611 394 677 ad
407 609 630 679 cohortandos
644 609 770 675 milites
786 631 883 696 quam
899 611 932 675 iu
946 617 1076 699 partem
1092 612 1164 677 fors

80 703 227 785 obtulit,
268 699 461 767 decucurrit
487 709 523 765 ct
553 697 597 764 ud
625 699 791 785 legionem
822 697 984 764 decimam
1018 697 1165 768 devenit.
1210 738 1214 747 ·

116 895 176 948 Pet
199 895 260 946 Pel.
273 893 359 943 Voss.
377 893 413 963 A.
432 890 504 943 Gott.
523 892 599 954 iigm.
612 889 670 942 0rt.
689 893 718 942 ct
736 889 765 941 in
783 889 921 955 plerisque
932 903 1052 942 meorum
1068 891 1167 952 (etiam

116 965 198 1016 vind.
214 965 247 1014 li.
261 966 290 1014 et
301 962 368 1020 Gn.)
384 967 484 1011 exstat.
511 960 543 1010 In
556 962 602 1010 Dr.
615 961 646 1010 B.
662 960 911 1026 propinquitatem
921 963 1048 1026 propter
1061 964 1092 1015 et
1103 965 1168 1032 cet.

117 1032 147 1086 in
161 1032 259 1085 iiamb.
275 1032 400 1097 propter
415 1029 599 1095 iniquitatem
611 1030 642 1080 et
653 1030 706 1081 cei.
720 1031 828 1092 legitur.

152 1101 361 1164 exspectabant]
385 1099 551 1165 spectabant
566 1099 674 1148 codices
690 1093 799 1165 Vrsini,
818 1097 974 1148 And.1.eid.
990 1100 1024 1148 A.
1039 1096 1120 1148 vind.
1132 1101 1169 1150 A.

119 1173 162 1221 ed.
183 1171 256 1220 scal.
269 1173 298 1220 ct
312 1181 367 1232 sqq.
383 1171 452 1230 quod
465 1176 492 1217 et
504 1168 597 1218 multis
609 1167 679 1216 locis
691 1179 834 1231 perperam
849 1178 867 1216 a
879 1168 998 1218 librariis
1012 1167 1040 1217 in
1052 1169 1169 1221 alterum

118 1239 191 1307 ipsis
212 1239 320 1291 scilicet
336 1240 423 1300 magis
445 1246 536 1288 notum
554 1242 684 1287 mutatum
706 1238 746 1294 (ο.
766 1248 790 1288 c.
810 1235 870 1284 civ.
887 1239 919 1297 3,
936 1236 970 1287 ts
988 1237 1015 1297 S.
1031 1240 1061 1297 2)
1088 1246 1115 1287 et
1134 1240 1169 1290 ad

40 1364 46 1377 ο
122 1321 234 1358 sensum
249 1305 630 1367 himinimeineptumest:
653 1299 918 1371 stefciqettssdtnicbt
933 1303 1056 1370 tifintdi
1069 1299 1169 1371 ddisti
1273 1361 1276 1366 ,

121 1371 219 1440 ibriebi
240 1387 295 1429 utet.
330 1373 373 1425 ct.
392 1374 426 1442 5,
442 1370 493 1424 it:
517 1374 586 1439 quid
606 1373 765 1424 dubitas-
777 1376 830 1425 aut
844 1387 927 1439 quem
939 1377 1032 1425 locum
1042 1377 1172 1440 probau-

122 1448 179 1498 dce
195 1443 320 1497 uirtutis
340 1445 409 1495 tuae
426 1437 562 1507 spectas?
596 1445 647 1492 sed
668 1450 717 1506 aeq
738 1456 754 1490 c
775 1444 939 1495 commodum
953 1452 996 1493 est
1014 1446 1173 1511 suspecta·

124 1515 208 1567 tant:
234 1509 268 1577 tit
287 1513 413 1568 acuetur
427 1508 496 1574 nieht
509 1510 556 1577 eth
570 1509 618 1574 cui
636 1510 684 1567 beu
727 1507 793 1575 esebi
806 1503 922 1576 ibicum
945 1512 1023 1577 iique
1036 1515 1139 1564 firmius
1153 1525 1173 1566 a

124 1583 263 1635 codicibus
280 1582 399 1633 videtur.
432 1582 502 1634 Nem
521 1584 570 1630 hoc
587 1592 688 1643 quoque
704 1594 844 1644 perperam
858 1595 917 1630 cum
933 1582 1048 1644 simplici
1064 1597 1173 1644 permu-

125 1655 211 1706 tatum
232 1650 367 1715 occurrit,
390 1663 415 1700 e.
429 1663 455 1701 c.
470 1650 557 1699 Cicer.
569 1648 647 1699 Fam.
664 1651 714 1717 10,
735 1649 782 1714 14,
805 1650 851 1698 ubi
864 1650 993 1715 equidem
1011 1652 1174 1716 spectabam

125 1721 183 1773 mm
197 1724 264 1774 tuas
278 1721 397 1771 litteras
410 1731 459 1782 pro
474 1719 672 1782 exspectabam
683 1719 712 1768 in
724 1720 781 1768 cod.
795 1719 918 1772 Mediceo
931 1723 959 1770 et
971 1721 1049 1771 Vrec.
1062 1721 1174 1771 membr.
1271 1712 1278 1724 '

125 1791 235 1855 legitur.
269 1790 304 1839 iit
323 1791 349 1838 b.
367 1789 387 1839 l.
408 1788 509 1850 aliquid
530 1789 701 1838 tribuendum
721 1795 765 1837 est
787 1789 857 1837 lias.
870 1792 904 1840 A.
924 1789 959 1840 ab
978 1789 1021 1840 sni
1040 1790 1175 1841 similibus

127 1859 294 1926 discrepanti
306 1865 333 1907 et
345 1870 427 1923 casp.
439 1857 604 1920 Eiberlingio
617 1863 687 1907 teste
701 1857 846 1907 exhibenti.

119 1955 123 1964 ·
160 1928 228 1991 cap.
241 1931 285 1982 21.
310 1925 337 1987 S.
352 1931 377 1979 1.
411 1939 491 1989 quem
510 1925 539 1974 in
556 1929 676 1991 partem]
701 1939 772 1992 quas
785 1927 928 1992 inpactos
948 1926 1023 1979 Leid.
1037 1928 1067 1979 Β.
1089 1924 1176 1995 quam

128 2001 247 2065 partem
266 1998 362 2048 liamb.
382 1998 452 2059 qnod
471 1995 556 2046 verbo
576 1996 679 2046 obtulit
692 1996 780 2060 magis
793 1996 939 2046 convenire
952 1996 1071 2049 videtur.
1105 1998 1177 2049 Nam

131 2069 199 2132 quod
212 2065 334 2119 nonnulli
348 2077 413 2117 eum
428 2064 565 2115 subaudiri
578 2067 607 2115 et
619 2063 721 2116 obtulit
734 2065 819 2116 dividi
832 2065 860 2116 in
873 2065 981 2118 abietum
993 2067 1062 2119 tulit
1072 2064 1176 2134 iubent,

129 2140 160 2188 nt
178 2138 240 2189 turs
257 2136 365 2185 dicatur
387 2134 534 2184 Gaesarem
552 2133 580 2183 in
593 2134 712 2195 aliquem
731 2143 836 2197 partem
852 2137 959 2185 obviam
974 2136 1068 2186 tulisse
1081 2136 1177 2188 militi-

131 2206 199 2274 bus,
220 2205 330 2256 nimiam
343 2202 385 2254 illi
400 2203 561 2253 brevitatem
572 2203 694 2252 eliciunt
708 2213 735 2253 et
747 2204 932 2254 abhorrentem
946 2206 980 2256 ab
993 2220 1044 2256 usu
1058 2204 1178 2273 linguae,
1240 2208 1243 2225 ¹

131 2287 209 2339 quem
227 2280 361 2325 monstrat
372 2273 405 2338 7,
423 2271 472 2323 87:
497 2271 604 2322 coactis
617 2272 886 2339 undequadraqtuta
902 2274 1083 2340 cohortibus,
1106 2288 1179 2340 quas

132 2342 328 2409 scarnensis
340 2340 498 2406 praesidiis
513 2340 651 2392 deductas
664 2345 729 2409 fors
744 2343 862 2407 obtutu,
886 2350 913 2392 et
927 2345 960 2408 8,
979 2347 1026 2394 ts:
1042 2340 1099 2409 'quo
1112 2346 1180 2409 fors
1252 2394 1263 2413 s

132 2415 262 2479 tulerat,
279 2409 459 2462 consternati
471 2410 658 2481 prefuqiuat.
679 2413 719 2463 iio
731 2424 798 2461 vero
811 2413 903 2476 modo,
921 2424 972 2474 quc
986 2414 1069 2464 estin
1082 2414 1181 2464 iinmb.

133 2482 274 2546 scriptum,
290 2480 381 2543 Nepos
397 2479 491 2530 scribit
506 2480 596 2540 Pelcq.
609 2483 641 2529 2:
660 2492 796 2548 quemque
810 2495 847 2533 etc
859 2482 993 2545 prosimu
1007 2484 1100 2532 tecam
1111 2484 1180 2550 fors

132 2551 291 2603 obtulisset.
313 2557 341 2599 et
354 2549 422 2612 quod
437 2548 530 2598 deinde
545 2549 723 2611 supplendum
734 2558 823 2613 esset,
839 2550 870 2599 ia
882 2564 958 2611 eam,
978 2551 1004 2599 ei
1017 2552 1104 2601 simile
1117 2551 1182 2615 quid

131 2621 313 2689 supplendum
335 2615 444 2680 reliquit
464 2617 568 2667 caesar
587 2617 620 2681 5,
637 2615 688 2668 sd:
712 2631 796 2684 quam
810 2618 840 2669 iu
852 2621 968 2683 partem
981 2619 1107 2673 Remeat·
1124 2620 1182 2670 im·

133 2693 233 2758 petum
246 2686 392 2755 feceriut,
409 2687 522 2736 cedant.
547 2684 638 2737 Nihilo
652 2694 742 2737 tamen
754 2688 841 2740 minus
854 2686 970 2750 genuina
981 2689 1088 2739 videtur
1098 2689 1181 2740 lectio

134 2760 251 2824 vulgate
271 2756 547 2822 coenomanensem,
571 2765 623 2816 quo
644 2767 710 2806 sanc
730 2768 798 2818 opus
819 2758 878 2821 est,
902 2770 936 2806 ex
958 2758 1080 2821 sequenti
1095 2758 1182 2809 verbo

136 2828 295 2893 petendum:
319 2825 473 2876 decursum
494 2836 544 2874 seu
562 2826 597 2873 ut
616 2824 800 2877 decurreret.
839 2825 931 2877 Possit
951 2827 1031 2877 ctiam
1048 2838 1133 2891 quam
1152 2825 1185 2878 ire

134 2899 253 2967 partem
274 2906 322 2956 pro
341 2905 405 2946 eam
424 2894 606 2960 inuestem,
633 2907 718 2960 quam
731 2895 848 2959 positum
860 2893 964 2959 videri3
995 2897 1043 2946 scd
1055 2895 1125 2949 iilud
1136 2908 1185 2948 re-

137 2965 204 3019 ticni
217 2964 305 3027 meme
320 2971 528 3016 consentaneum
542 2970 593 3012 est.
822 3008 827 3025 ,

172 3036 245 3093 tors]
264 3030 409 3105 [ors'pers
422 3033 543 3082 codicum
556 3031 623 3081 ond.
636 3031 684 3081 Dr.
699 3032 733 3081 A.
745 3031 824 3083 Vrat.
837 3031 867 3081 B.
880 3031 958 3083 Goth.
971 3033 1001 3080 B.
1014 3032 1096 3081 Bonn.
1104 3029 1186 3083 vind.

138 3098 174 3154 A.
196 3105 271 3155 liav.
291 3104 326 3153 A.
347 3102 407 3151 edd.
426 3109 489 3152 ante
503 3102 621 3151 Vasccs.
634 3101 828 3166 exceptorium,
845 3102 908 3150 item
922 3102 951 3150 Ρ.
964 3105 1036 3154 Men.
1050 3101 1111 3152 Ali.
1125 3112 1186 3163 nep.

138 3172 215 3236 Liqs.
236 3173 277 3221 lu.
298 3170 339 3222 cl.
358 3171 424 3237 fors
441 3172 480 3224 al.
500 3182 566 3220 sors
583 3169 680 3221 liemb.
694 3171 777 3237 fors,
796 3171 865 3233 quod
879 3171 946 3220 0nd.
961 3184 996 3222 ex
1009 3171 1092 3232 cong.
1106 3168 1186 3221 Asc.
1220 3207 1226 3215 .

139 3241 199 3294 Pet.
215 3241 298 3291 Voss.
316 3240 351 3292 A.
370 3235 449 3302 Egm.
469 3236 544 3290 heic.
559 3239 614 3288 Ali.
627 3239 678 3290 ux.
695 3246 750 3307 „et
761 3240 824 3289 aliis
838 3238 953 3290 multis“
969 3241 1104 3302 resumit,
1128 3240 1187 3290 tor·

140 3318 223 3361 tunae
237 3310 344 3363 ductum
357 3308 488 3359 incertum
501 3309 659 3371 significans
670 3310 753 3359 multo
766 3309 855 3370 aptius
870 3309 927 3375 hic,
944 3320 1023 3372 quam
1037 3319 1119 3374 sors,
1136 3319 1188 3371 quo

140 3379 249 3432 nomine
263 3379 384 3444 occulta,
403 3380 451 3428 sed
466 3377 677 3444 cumulatius,
700 3378 796 3427 deinde
810 3379 879 3440 quod
892 3391 940 3439 per
954 3390 1014 3428 eam
1029 3377 1128 3427 accidit
1142 3378 1189 3428 vel

142 3445 290 3515 contingit,
314 3455 438 3498 vocatur.
473 3447 549 3506 Quod
571 3452 661 3497 autem
680 3445 709 3495 in
727 3448 896 3498 diversarum
908 3448 1072 3497 familiarum
1086 3447 1189 3497 codici-

142 3518 193 3568 bus
206 3527 273 3566 scrs
286 3517 400 3582 legitur,
418 3515 446 3566 in
456 3516 509 3566 bec
522 3515 676 3567 litterarum
689 3517 718 3568 ct
730 3516 936 3581 significationis
950 3515 1124 3567 similitudine
1137 3528 1191 3567 non

143 3584 358 3638 estmirandum.
923 3590 926 3596 '
1248 3626 1259 3639 ,

178 3654 347 3714 decucurrit]
371 3653 430 3702 cod.
452 3649 614 3702 Hotomanni
635 3654 662 3701 et
681 3651 825 3717 Stephani,
849 3653 908 3704 Pet.
923 3651 999 3702 Leid.
1012 3655 1046 3702 A.
1059 3651 1143 3718 Bong.
1157 3654 1191 3703 A.

106 3774 111 3781 ,
144 3722 228 3775 Voss.
248 3725 282 3774 A·
305 3729 362 3790 „et
380 3717 464 3774 ulil.“
495 3721 631 3775 decurrit
648 3754 667 3789 ,‚
676 3723 750 3773 MSS.
771 3722 800 3772 et
817 3722 884 3776 uui.
904 3717 992 3786 qid.“
1014 3723 1110 3774 Vrsini
1129 3723 1193 3777 iibri

114 3907 234 3975 timere,
252 3915 280 3958 ct
296 3911 329 3973 1,
345 3904 381 3960 to
397 3905 490 3970 §.122
513 3907 587 3960 nihil
601 3919 632 3959 se
676 3918 744 3971 quae
762 3920 785 3956 c.
800 3909 836 3958 20
859 3907 887 3967 S.
902 3911 917 3959 1
942 3912 1049 3974 agentia
1067 3911 1194 3981 ostendit,

115 3990 148 4030 ea
160 3991 196 4031 rc
209 3979 391 4030 commoveri.
676 3977 822 4040 significari
836 3987 908 4039 puto.

164 4046 232 4110 cap.
245 4048 288 4096 21.
309 4044 335 4105 S.
351 4049 375 4096 t.
406 4045 573 4096 necessariis
586 4058 633 4094 re·
728 4046 850 4105 devenit]
871 4044 944 4098 Nihil
957 4047 1064 4113 obstat,
1077 4060 1130 4112 quo
1142 4048 1194 4098 mi-

79 4144 83 4157 .
117 4113 179 4178 bus]
202 4116 324 4176 tertium
341 4124 369 4167 et
387 4122 512 4182 quartum
528 4127 633 4182 eorum,
676 4126 727 4166 uus
740 4114 974 4180 qmcqositiouiiu
987 4118 1197 4182 hocccchslto
