2572 4688
209 310 270 362 .·
356 251 576 328 »mero
619 251 817 327 cunm
888 278 892 283 ·
1078 258 1154 347 noo.

60 447 101 510 ut
125 441 292 532 temporie
317 442 488 530 exiguitas
512 441 728 532 postulabat,
762 440 912 533 pellibus
933 440 1148 526 induxerant,

61 531 166 598 teriia
184 532 302 617 vigilia
324 553 392 618 qna
416 532 552 598 minime
573 531 700 611 arduus
717 531 765 599 nd
784 522 920 599 rosires
944 532 1147 600 munitiones

62 640 224 687 aseensus
244 617 440 700 videbatur,
461 618 615 688 omnihus
637 619 745 708 eopiis
764 619 939 707 repentino
959 641 1001 685 ex
1020 619 1146 708 oppido

60 707 273 796 eruptionem
295 708 459 776 feeemnt.
532 707 718 788 Celeriter3
744 711 878 774 utente
894 706 1022 775 Caesar
1040 710 1147 860 imffi-
1168 717 1189 779 3

1129 819 1148 862 e

62 802 177 875 rarat,
210 793 346 879 ignibus
369 793 614 880 significatione
632 796 722 861 foeta
746 816 788 860 ex
810 795 973 884 proximis
996 802 1088 862 caete

62 905 103 949 eo
125 904 325 949 coneursum
347 889 420 963 est,
449 890 699 970 pugnatumque
719 880 761 948 ab
783 881 939 949 hostibus
959 881 1008 948 iia
1024 884 1151 949 acriter

63 976 139 1051 est,
161 976 201 1034 ut
215 991 241 1034 e
256 970 339 1037 viris
356 968 501 1036 fortibus
517 971 553 1037 in
568 977 717 1036 extremo
730 986 792 1057 ope
805 970 929 1036 solutis
944 969 1060 1058 iniquo
1072 971 1148 1037 loeo

65 1065 185 1125 eontra
200 1078 282 1139 eos,¹
294 1057 354 1144 qul
367 1079 407 1123 ex
420 1059 516 1153 rollo¹
525 1058 745 1151 turribusque
758 1059 827 1125 tela
841 1059 1001 1140 ieeerent,
1022 1079 1151 1146 pugua-

132 1212 288 1277 repentino]
314 1217 453 1277 Exoerpte
477 1216 564 1267 Pulm.
587 1217 671 1280 Bong.
694 1217 728 1266 Δ.
754 1215 823 1266 Lov.
840 1215 917 1279 ligni.
935 1215 1009 1266 Gott.
1026 1214 1104 1267 Leid.
1120 1214 1153 1268 0.

100 1286 185 1336 Voss.
199 1283 231 1335 G.
250 1286 316 1336 Par.
333 1286 363 1334 Β.
379 1286 429 1335 Dr.
445 1287 479 1337 Δ.
492 1288 573 1339 Vrat.
591 1286 649 1336 ΑΒ.
665 1285 762 1336 llemb.
782 1285 865 1335 Bonn-
882 1286 935 1336 Gu.
952 1286 1035 1337 vimi.
1050 1287 1080 1335 Β.
1099 1285 1154 1336 ino.
1199 1334 1205 1343 ,

100 1353 286 1419 repentinam
301 1354 361 1404 Pet.
380 1355 449 1405 Onu.
464 1357 490 1404 2.
512 1358 633 1420 repente
648 1353 745 1417 rolloni
761 1353 825 1406 libri
842 1352 955 1421 scripti,
979 1355 1061 1410 etiem
1078 1356 1153 1407 lior.

102 1424 154 1488 Β,
186 1429 216 1473 et
235 1422 317 1489 editi,
342 1423 425 1473 etiem
450 1423 518 1474 oud.
532 1428 566 1492 1,
589 1423 816 1488 quantaene
839 1420 958 1474 codicem
976 1419 1156 1477 petavianum

102 1493 192 1544 nolum
215 1491 293 1554 moni
315 1492 447 1543 maluisse
463 1491 555 1544 miror.
589 1493 750 1556 Repentino
766 1491 926 1543 adverbium
943 1492 977 1543 eb
994 1494 1110 1547 Afranio
1125 1494 1156 1544 in

102 1561 297 1626 Emancipato,
322 1561 420 1612 Plento
443 1560 472 1610 in
496 1563 647 1624 Pseudolo,
677 1561 810 1612 cicerone
832 1572 882 1622 pro
904 1560 1014 1619 Quintio
1037 1562 1155 1625 positum

104 1629 158 1688 (el.
175 1627 317 1679 Gesnerus
328 1631 377 1681 vel
390 1630 575 1690 Ilorcellinus)
590 1631 707 1693 alibique
720 1640 775 1698 non
790 1637 929 1692 repertum
944 1629 1008 1692 quis
1023 1644 1079 1684 non
1094 1645 1157 1683 mn·

103 1705 191 1751 tetum
209 1697 321 1762 potios,
344 1711 424 1763 quom
440 1699 544 1750 factum
560 1713 578 1750 e
593 1697 715 1750 librariis
733 1695 787 1747 sibi
803 1693 992 1760 persuadent?
1013 1719 1017 1729 ·

137 1767 166 1828 s.
177 1771 205 1817 ³·
238 1766 343 1820 aeriter
359 1770 415 1827 eet]
439 1771 517 1818 colu.
534 1770 600 1820 Vrs.
617 1770 652 1818 Ν.
666 1769 751 1818 Voss.
770 1764 812 1815 Ol.
830 1767 1041 1839 undecimum.
1059 1767 1159 1831 (Bong.

106 1836 143 1888 Δ.
161 1835 245 1885 vose.
261 1838 296 1886 Α.
313 1836 406 1898 ugni.)
425 1836 472 1884 Dr.
489 1838 549 1888 ΑΒ.
563 1838 643 1888 Vrot.
659 1829 717 1886 AC.
735 1834 815 1885 Goth.
833 1837 889 1884 AB.
909 1836 960 1887 (in.
978 1837 1061 1887 vind.
1074 1839 1158 1887 nul).

106 1905 169 1954 ellel.
187 1911 252 1954 ente
268 1905 332 1955 All.
355 1905 491 1970 praviter
509 1908 553 1957 eol
568 1907 667 1958 Hemb.
690 1905 724 1956 ln
739 1906 818 1956 Leid.
835 1903 867 1954 c.
881 1906 966 1957 voss.
982 1903 1013 1955 c.
1031 1905 1111 1958 Vret.
1127 1908 1160 1956 Β.
1191 1923 1193 1929 ·

106 1974 193 2024 Bonna
219 1973 291 2037 ine,
320 1975 367 2036 qui
390 1987 451 2024 eom
475 1975 587 2039 reliquis
612 1983 641 2026 et
664 1975 727 2025 All.
751 1980 780 2023 et
795 1974 854 2037 eqq'.
873 1976 931 2025 lesi
945 1976 971 2023 b.
988 1974 1008 2024 l.
1026 1976 1163 2042 omittunt,

107 2053 159 2106 pro
178 2045 395 2110 torpentemque
418 2042 518 2105 legitur
540 2046 700 2110 rupertum
716 2043 778 2107 ent,
802 2053 854 2092 neo
871 2043 952 2094 aliter
969 2056 1027 2093 see.
1044 2045 1114 2095 llud.
1131 2045 1163 2095 in

108 2112 202 2174 (itote,
224 2125 261 2162 ex
281 2124 334 2175 quo
355 2125 398 2162 ex.
423 2113 506 2164 Febr.
530 2117 634 2164 tentum
655 2114 816 2182 pugnatum
839 2102 927 2161 effert.
962 2112 995 2162 ln
1021 2113 1106 2164 Vini.
1127 2111 1162 2165 0.

107 2181 237 2244 castellio
258 2192 432 2231 concursum
448 2185 493 2234 eet
509 2184 544 2233 ot
560 2197 579 2233 a
595 2183 672 2234 virio
687 2183 740 2232 elo.
757 2179 868 2231 omissis
885 2179 982 2231 mediis
999 2190 1110 2249 exstet,
1131 2184 1163 2234 ut

110 2251 137 2302 it
159 2260 265 2321 quoquo
288 2250 376 2316 liber,
398 2264 434 2301 ex
457 2262 509 2314 quo
531 2252 575 2302 lie
593 2251 767 2318 ructuaret,
789 2262 854 2298 eum
870 2250 955 2313 Bong.
971 2253 1007 2301 A.
1023 2254 1077 2302 eto.
1094 2264 1163 2303 con-

110 2320 233 2371 remisse
245 2320 382 2370 videatur.
415 2320 536 2384 Denique
551 2321 645 2385 corn,
667 2319 714 2384 qui
731 2317 836 2381 et'ipre
850 2320 1028 2372 aeriter-eet
1044 2321 1163 2386 exhibet,

112 2395 174 2456 poet
194 2399 368 2440 contortum
387 2389 501 2439 verbum
518 2390 718 2441 substantivum
733 2387 849 2454 omittit,
871 2390 952 2452 idque
969 2391 1053 2458 oum,
1069 2391 1101 2457 ⁸¹oi
1118 2390 1164 2442 llio

111 2457 315 2524 admitteretur,
339 2459 525 2508 necessarium
539 2460 661 2520 putabet.
696 2459 750 2507 Sed
762 2470 823 2508 cum
838 2458 964 2508 sublecta·
972 2459 1084 2510 diverso
1098 2460 1163 2528 sint,

112 2522 255 2589 utmmque
277 2527 346 2578 ferri
369 2529 458 2577 (lebet.
493 2525 537 2576 Ol.
556 2527 616 2577 civ.
632 2530 663 2591 1,
681 2527 733 2578 87:
756 2525 810 2575 boo
833 2527 896 2577 eius
919 2529 1163 2592 praesumptore

114 2597 256 2660 Hispania
277 2597 316 2647 cul
342 2599 453 2649 Varum
469 2595 575 2661 flumen
592 2598 636 2647 oet
651 2596 712 2646 iter
731 2595 862 2663 foetum,
889 2598 977 2662 eique
993 2597 1031 2648 ibi
1048 2597 1164 2662 reliqua

88 2684 93 2692 ·
112 2677 186 2733 paro
203 2667 354 2717 exercitos
371 2665 490 2718 dimisso
506 2668 561 2720 etl.
584 2664 631 2716 ubi
645 2666 713 2717 oui.
729 2664 844 2718 verbum
861 2672 1010 2719 extremum
1025 2665 1087 2720 sine
1104 2668 1166 2719 illo-

112 2747 166 2788 nee
181 2737 344 2789 anctoritate
360 2735 476 2787 delevit.

134 2870 162 2932 ς.
176 2872 203 2922 ³.
244 2871 390 2933 celeriter]
415 2873 475 2924 lloe
487 2871 605 2923 nonnul·
646 2866 772 2935 coniungi
790 2869 866 2922 rollo
885 2872 916 2922 et
932 2867 1069 2940 interponi
1089 2872 1166 2923 eole-

29 2988 33 2998 ,
83 2939 120 2991 lie
133 2953 195 2991 cnm
208 2955 380 2994 concursum
390 2943 604 3005 erliungemlum
646 2943 727 3008 bant,
750 2946 781 2991 ut
794 2941 888 3003 portes
901 2939 961 2990 eins
975 2942 1165 2992 eminentiores

83 3011 208 3074 violetur,
230 3014 280 3061 sed
296 3013 442 3063 verborum
462 3012 604 3064 collocatio
646 3024 710 3062 esse
726 3008 893 3060 viderentur
905 3010 958 3067 (ci.
971 3012 1005 3078 7,
1021 3012 1057 3065 72
1078 3017 1165 3074 extr.)

83 3081 193 3144 manet,
206 3088 237 3132 ut
249 3082 284 3131 ed
297 3080 520 3144 significationem
531 3081 604 3144 igni-
647 3092 733 3142 eopre
749 3081 857 3130 uallem
873 3077 975 3129 ‹lixieee
999 3081 1167 3148 sulfiolebet,

83 3150 136 3206 bno
155 3150 259 3201 fertem
273 3152 440 3217 releremus,
463 3163 543 3214 quum
556 3163 604 3200 ce-
646 3150 705 3217 bio,
716 3160 777 3213 ouo
790 3149 877 3212 magio
891 3140 1020 3212 inlinitur
1033 3151 1167 3201 eonditlo-

84 3219 183 3271 leriter
205 3219 281 3285 fieri,
304 3220 352 3270 ubl
369 3219 484 3281 primum
503 3219 606 3282 eliquit
647 3217 690 3270 nio
705 3218 908 3269 Atuatucorum
925 3219 1167 3285 demonstraretur,

85 3288 240 3349 huiusmodi
275 3289 494 3342 animadversum
522 3290 605 3356 iorel,
647 3291 751 3341 torreo
763 3285 920 3340 nominatim
932 3288 1127 3352 significandae
1137 3291 1167 3340 et

87 3355 195 3407 caesor
215 3365 278 3408 ento
297 3357 408 3410 iusserit
426 3357 606 3423 celeriterque
647 3360 754 3423 portem
771 3360 807 3408 eo
827 3360 911 3408 totum
925 3359 1101 3410 auiioieuuem
1114 3372 1167 3422 pu-

87 3425 205 3478 iecerint
216 3428 247 3501 ii²
264 3429 299 3479 ad
312 3442 378 3491 quos
391 3427 497 3491 eruptio
509 3442 544 3478 ex
556 3440 606 3492 op·
647 3427 729 3478 tevit.
770 3427 896 3478 cemitnr
913 3434 1003 3478 eutem
1022 3430 1051 3477 et
1069 3426 1167 3480 heein

68 3535 75 3547 .
88 3493 152 3561 pido
164 3496 242 3547 foeta
255 3507 340 3548 esset.
648 3510 681 3548 re
700 3495 846 3559 vestigium
866 3497 997 3559 quonlam
1009 3496 1085 3547 illins
1098 3510 1166 3559 eup-

139 3565 326 3630 turribneque]
376 3567 481 3618 Harum
522 3577 608 3627 supra
650 3566 742 3630 piendi
761 3564 979 3632 consuetudinis,
1003 3568 1036 3616 (le
1049 3566 1169 3629 quanli·

77 3634 249 3687 'mentionem
263 3639 364 3688 nullam
377 3636 461 3704 lecit,
480 3648 543 3687 nam
557 3647 610 3685 ne·
643 3635 759 3700 >quoties
778 3643 806 3685 et
823 3635 942 3698 proxime
959 3636 988 3686 in
1003 3637 1038 3687 all
1059 3649 1121 3686 .or.
1134 3637 1170 3688 od

90 3716 144 3767 que
159 3706 292 3772 castelle,
307 3707 405 3769 quibus
419 3714 531 3768 praeter
543 3705 609 3753 val·
651 3718 679 3757 c.
690 3704 725 3754 28
742 3702 799 3764 8.1
819 3704 921 3755 dietum
938 3712 991 3754 est.
1050 3719 1094 3757 em
1113 3705 1170 3756 eir·

24 3816 30 3834 „
88 3772 148 3824 lum
165 3774 271 3825 eremis
284 3775 503 3831 circummunitos
514 3775 608 3827 Adue
650 3772 814 3826 eumvallori
824 3773 905 3826 etiem
914 3774 974 3825 eine
984 3774 1107 3827 turribus
1117 3788 1171 3840 op-

90 3843 171 3895 tucos
189 3856 215 3894 e.
227 3844 264 3896 30
280 3843 402 3912 uixerat,
424 3851 515 3895 turres
535 3845 608 3911 sunt,
649 3843 714 3907 pina
726 3850 860 3908 poterant.

90 3923 179 3976 neque
203 3914 237 3962 (le
262 3913 461 3965 ambulatoriis.
477 3911 608 3981 turribus,
700 3911 836 3972 iacerent]
855 3910 1173 3964 Coniunctivirelionem

91 3993 205 4043 querum
217 3995 273 4033 uno
284 3982 382 4035 ibidem
394 3992 437 4033 est
447 3994 610 4032 commemo-
652 3988 731 4045 pette
751 3995 788 4032 ex
806 3984 868 4034 adn.
888 3982 950 4033 crit.
964 3984 1000 4034 all
1012 3995 1038 4032 o.
1051 3985 1087 4035 ²7
1104 3981 1132 4042 S.
1146 3982 1173 4047 1,

94 4060 172 4121 rate,
196 4052 313 4116 eogitari
336 4055 362 4101 ll.
379 4055 398 4102 l.
419 4055 523 4116 potest3
561 4053 610 4101 eeu
653 4064 707 4114 quo
719 4052 780 4102 loeo
791 4053 890 4113 duplex
902 4059 1011 4117 pultrel
1021 4050 1096 4104 iniri.
1118 4049 1174 4121 iiio

95 4122 159 4189 uuio
194 4121 223 4176 in
258 4121 489 4180 tutumvellenlo
519 4129 611 4175 tnrtee
654 4120 730 4190 prior
741 4120 852 4175 oblinet.
