2572 4688
343 312 347 319 ·
400 272 508 352 ulli.
537 274 588 348 ΙΙ.
629 272 750 363 GAP.
775 277 820 348 ³1
1090 279 1158 347 let
1198 308 1201 315 ·

65 482 151 532 nora
171 466 278 551 atque
293 459 457 533 inusitate
470 463 583 570 specie
596 454 752 533 commoti
767 465 898 551 legatos
912 459 956 531 ad
971 461 1151 535 Gaesarem

66 549 108 617 ds
128 571 214 639 paee
234 550 418 633 miserunt,
448 575 507 641 qur
527 551 571 620 ad
593 553 680 619 hunc
698 551 831 619 modum
847 553 973 620 locuti:
1001 574 1067 619 non
1080 555 1150 619 exi·

63 640 206 715 stimans
219 637 390 705 Romanos
405 638 477 706 siue
496 659 559 728 ope
576 637 689 708 divina
702 641 827 707 bellum
843 660 978 727 gerere,
999 640 1058 728 qui
1073 646 1148 709 tan·

63 734 120 792 tae
141 721 335 793 altitudinis
357 727 618 793 machinationes
640 733 733 794 tanta
754 729 927 794 celeritate
949 749 1147 814 promovere

63 818 222 902 possent,
249 834 288 880 se
311 835 439 902 sueque
453 814 563 881 omnia
577 813 691 883 eorum
706 816 871 906 potestati
883 815 1080 905 permittere
1095 814 1148 884 di·

51 1030 54 1039 ·
96 996 226 1052 ommno
243 997 362 1052 Gallicis
379 1000 450 1053 inec
465 1003 532 1068 fere
548 1003 713 1071 formarat.
747 1003 784 1056 ib.
798 1003 848 1056 65:
865 1001 948 1056 intra
962 1002 1067 1069 oppido
1081 1018 1145 1056 mua-

92 1082 204 1137 rosque
228 1073 449 1137 compelluntur.
483 1074 520 1123 Et
538 1074 563 1121 h.
578 1074 599 1123 l.
615 1075 696 1123 murt
712 1072 837 1139 duellii,
860 1087 928 1139 quos
945 1074 1079 1135 duplicem
1095 1087 1145 1125 su-

93 1152 147 1259 ppa
168 1153 274 1190 murum
296 1140 419 1209 dixerat,
447 1139 595 1206 significati
615 1142 704 1194 videri
719 1145 860 1213 poterant,
884 1143 953 1209 quod
970 1142 1045 1194 lusto
1061 1155 1145 1208 argn-
1197 1132 1200 1148 '

117 1221 150 1257 us
168 1216 252 1259 esset.

129 1288 184 1328 non
201 1273 375 1345 existimare]
395 1275 448 1327 llis
465 1279 548 1343 vulgo
563 1276 750 1344 interpositum
766 1292 798 1331 ae
814 1292 876 1331 eum
892 1280 952 1331 Pet.
968 1279 1045 1343 ligni.
1060 1279 1144 1343 Bong.

94 1348 132 1399 A.
157 1347 228 1397 laon.
251 1354 306 1413 „et
322 1342 414 1396 aliis“
437 1346 526 1406 (Gott.
541 1348 615 1409 ort.)
640 1350 689 1399 Dr.
713 1351 748 1399 A.
766 1351 845 1402 Vrat.
869 1350 925 1400 AB.
945 1349 1028 1400 Bonu-
1046 1350 1144 1400 Hnmb.

94 1415 150 1466 Gn.
166 1414 248 1465 Vlud.
266 1415 295 1464 ll.
311 1413 366 1465 ino.
383 1414 479 1482 omisi,
506 1416 569 1480 quia
586 1429 622 1467 ex
640 1417 847 1479 interpolatione
867 1417 1023 1474 accessisse
1042 1418 1142 1486 potius,

94 1496 177 1547 quam
199 1484 280 1546 culpa
301 1483 473 1535 librariorum
494 1485 645 1551 excidisse,
678 1487 797 1549 scriptor
819 1494 911 1537 autem
940 1485 970 1536 in
998 1487 1143 1538 referendo

92 1551 238 1618 prooemii,
261 1562 313 1614 qno
330 1552 373 1603 usi
390 1555 470 1603 erent
485 1561 610 1604 oratores
628 1555 844 1623 edessenorum,
867 1561 1026 1618 argumento
1048 1554 1143 1605 orevi-

94 1620 146 1673 tatl
162 1620 301 1671 studuisse
318 1620 444 1685 atrilii,
466 1621 521 1670 nisi
536 1624 607 1683 quod
624 1623 808 1675 necessarium
827 1623 916 1688 esset,
945 1620 1074 1682 posuisse
1094 1621 1142 1675 vi·

92 1689 218 1749 debatur.
251 1688 294 1739 cl.
312 1688 339 1748 s.
354 1692 385 1739 2:
409 1702 498 1739 unum
508 1692 609 1752 petere
621 1703 656 1741 ae
668 1691 832 1756 deprecari.
867 1691 900 1757 5,
917 1691 969 1742 20:
986 1689 1140 1741 Caesarem

89 1756 239 1810 arbitrari
252 1759 419 1825 profectum
435 1758 467 1808 tn
482 1757 608 1826 ltaliam.
641 1768 669 1808 ct
685 1760 767 1822 peulo
786 1760 862 1820 post:
884 1770 944 1807 non
958 1755 1070 1810 hortem
1085 1772 1141 1811 uu·

90 1829 220 1891 ctorem,
251 1827 303 1877 sed
319 1839 383 1878 rem
399 1827 543 1891 spectare.
576 1827 613 1879 ilo.
630 1831 681 1879 ³6:
706 1839 830 1890 operare
846 1840 865 1878 c
880 1826 1067 1881 multitudine
1086 1835 1139 1879 cte.

90 1903 120 1946 et
138 1896 220 1959 paulo
237 1903 314 1960 poste
338 1908 461 1960 operare
478 1895 512 1948 ct
529 1907 561 1947 eo
579 1898 632 1946 etc.
651 1905 679 1945 ct
696 1898 759 1950 adn.
776 1897 811 1947 ad
829 1908 853 1946 c.
868 1899 885 1946 3
903 1895 929 1955 S.
944 1898 970 1945 2.

126 1964 187 2015 niue
209 1974 260 2026 epe
284 1964 391 2025 divina]
420 1964 473 2016 Pro
496 1964 596 2017 diuina
622 1966 705 2015 Boon.
729 1964 855 2031 divicta,
883 1965 961 2014 Laid.
978 1964 1014 2014 A.
1032 1963 1061 2014 S.
1085 1963 1136 2016 Ox.

89 2032 175 2086 vind.
190 2035 224 2084 A.
241 2033 315 2084 llav.
327 2036 363 2086 A.
380 2034 443 2087 Ald.
462 2041 515 2082 etc.
530 2043 593 2084 erite
612 2034 679 2093 oud.
703 2034 825 2086 deorum
839 2034 981 2099 exhibent,
997 2034 1067 2096 quod
1079 2036 1137 2085 lio-

89 2112 229 2154 tnauorum
253 2102 357 2167 magia,
391 2115 472 2166 quam
494 2103 670 2154 latomorum
689 2103 804 2155 orationi
822 2103 987 2153 conveniens
1009 2102 1137 2155 variandi

91 2171 183 2225 studio
200 2171 304 2238 eidem,
328 2169 372 2221 cui
389 2173 535 2223 dedorunt
552 2185 577 2224 c.
591 2175 626 2230 23
643 2172 669 2233 s.
684 2176 701 2233 2
719 2180 746 2223 et
762 2172 820 2231 alia
836 2171 874 2222 ini
892 2171 1063 2236 significata,
1086 2185 1137 2224 ac·
1228 2228 1232 2239 ,

88 2248 198 2304 ceptum
214 2241 383 2293 referendum
399 2241 516 2291 videtur.

122 2312 297 2371 promovere]
325 2310 400 2370 Quae
419 2311 503 2372 vulgo
519 2307 580 2359 lruic
597 2308 689 2365 addita
701 2308 843 2375 leguntur,
866 2309 896 2365 et
910 2307 959 2367 (ut
974 2309 1044 2371 neg.
1060 2304 1137 2359 Leid.

45 2392 69 2427 x
88 2378 121 2427 B.
141 2379 221 2430 Getlr.
238 2383 288 2439 A.)
314 2391 351 2441 ec
367 2378 590 2444 propinquitate
608 2389 758 2446 ncqncre,
782 2379 811 2430 in
828 2380 887 2429 Pet.
905 2380 981 2447 ligni.
999 2380 1082 2440 Boug.
1102 2379 1136 2429 A.

87 2446 161 2501 Lon.
183 2448 253 2502 And.
273 2448 323 2525 ⁰3·
347 2448 403 2517 „et
422 2448 508 2503 tribus
526 2445 616 2500 alils‘⁸
641 2448 747 2509 (dett.)
769 2451 818 2499 Dr.
834 2449 868 2499 A.
884 2447 965 2504 Vrat.
981 2448 1039 2501 AB.
1053 2448 1137 2499 Boun.

104 2611 173 2679 (inp.
184 2616 230 2668 at.
246 2614 273 2678 ς.
284 2617 310 2668 1.
333 2627 407 2670 nora
420 2624 500 2681 atque
511 2615 574 2669 inn-
615 2616 666 2670 ter
679 2614 861 2681 significatum
875 2621 927 2668 est.
951 2615 1029 2676 Quod
1044 2621 1137 2666 autem

52 2680 168 2737 silam
219 2685 259 2746 le]
288 2687 434 2738 sicrllric.
448 2691 482 2738 19
498 2701 572 2738 nouo
615 2700 675 2739 non
696 2687 869 2739 existimare
898 2687 1044 2737 Romanos
1073 2684 1136 2735 sine

51 2756 144 2820 etqua
163 2699 305 2807 mirato
325 2768 431 2822 qencre
457 2757 573 2822 proelii,
615 2770 669 2820 ope
689 2757 788 2807 diuina
807 2755 908 2806 tellum
921 2765 1026 2821 qerere
1040 2750 1134 2801 dicen-

50 2835 103 2887 pro
116 2835 170 2889 que
184 2823 329 2891 Caesari,
347 2825 380 2877 15
398 2826 467 2877 satis
481 2827 574 2878 habult
615 2834 658 2877 tes
678 2826 771 2875 iacere
788 2824 897 2889 maluit,
925 2836 1003 2886 quam
1028 2821 1133 2872 erista·-
1200 2847 1202 2851 ·

52 2904 129 2945 rtooo
139 2904 247 2961 ornere
256 2906 370 2961 nequae
385 2895 487 2946 dicere.
517 2896 572 2947 llic
614 2906 696 2947 mure
709 2895 853 2946 Romanor
865 2905 924 2943 non
937 2906 961 2941 s.
974 2905 1000 2942 ο.
1013 2891 1041 2940 d.
1055 2890 1078 2940 d.
1093 2901 1133 2957 q,

49 2973 121 3013 nano
134 2963 309 3024 amplificatio
321 2966 384 3026 apta
397 2969 447 3016 est.
613 2977 674 3016 eam
686 2964 743 3013 vim
757 2964 846 3023 labet,
862 2965 892 3012 ut
906 2959 1070 3024 aliquamdiu
1084 2972 1132 3008 co-

103 3030 151 3095 qni
173 3034 209 3083 ad
227 3034 297 3083 huno
315 3035 421 3084 modum
440 3031 524 3084 locuti
536 3054 572 3067 -
612 3035 716 3098 gitasse
732 3035 853 3083 eadere
866 3039 893 3081 et
907 3029 983 3093 illud,
997 3030 1067 3093 qued
1080 3041 1131 3078 vo-

51 3098 192 3161 dixeruut]
223 3102 265 3151 Ne
286 3105 448 3164 postremum
473 3113 571 3163 super·
612 3104 729 3155 luissent
742 3103 879 3161 statuere,
901 3102 1004 3152 Romen
1024 3113 1037 3147 s
1055 3109 1130 3147 com-

51 3180 205 3221 vaeaneum
225 3170 365 3236 videatur,
388 3171 416 3222 id
429 3171 499 3235 quod
513 3170 571 3220 0u-
612 3170 687 3223 muni
705 3171 838 3222 hominurn
852 3170 952 3219 virtute
967 3169 1010 3217 bel
1041 3180 1066 3215 m
1080 3180 1149 3229 get·

52 3238 199 3300 dandorpio
225 3246 254 3290 et
277 3240 433 3301 quibusdam
464 3238 570 3289 criticis
611 3253 691 3304 rere,
722 3242 842 3291 statuere
862 3251 916 3288 nou
942 3237 1064 3299 potuisse
1085 3235 1129 3284 vi.

50 3306 169 3375 accidit,
191 3310 335 3359 tenendum
347 3316 390 3359 est
402 3307 572 3373 participium
614 3311 736 3360 deantur.
762 3309 792 3358 ld
804 3321 872 3358 vero
884 3319 938 3356 non
953 3317 1007 3356 tam
1021 3305 1129 3353 inuretu-

51 3376 188 3427 loeretiad
198 3378 361 3439 prooemium
373 3377 503 3428 orationis
514 3390 572 3427 non
613 3391 646 3429 ra
662 3377 811 3440 negationis
825 3386 852 3426 et
866 3376 960 3439 verbi,
982 3386 1062 3437 quam
1080 3373 1130 3423 tali

52 3445 224 3497 amatunam
240 3470 275 3482 -
289 3450 407 3512 possent
425 3446 571 3512 pertinere,
613 3447 752 3509 utrimque
764 3446 791 3494 in
805 3445 935 3506 principio
953 3442 1129 3494 collocatione

52 3524 106 3577 quo
125 3513 169 3565 illl
189 3515 312 3566 absoluto
328 3528 360 3567 ae
371 3537 405 3552 -
417 3516 573 3579 nermttte-
614 3515 746 3567 efficitur:
763 3514 817 3564 alio
831 3516 891 3564 loco
905 3514 994 3575 posita
1008 3512 1089 3563 aliam
1101 3519 1129 3560 ct

52 3592 106 3649 re,
135 3592 206 3645 qnae
226 3598 331 3637 summa
350 3585 481 3635 orationis
503 3587 573 3649 erat,
613 3587 742 3636 minorem
761 3583 952 3647 virtualem,
977 3584 1008 3631 ut
1026 3581 1059 3645 4,
1078 3583 1128 3628 36:

52 3651 205 3705 dicerunt.
240 3656 316 3713 Quae
336 3655 427 3704 addita
442 3660 520 3717 sunt,
537 3667 572 3703 ex
612 3653 698 3705 lienu‘
709 3649 1130 3717 naviqutionemsulriica'endum

50 3720 102 3773 hee
116 3721 210 3771 codem
220 3725 304 3773 verbo
317 3724 433 3785 pendent
446 3725 474 3772 et
485 3722 572 3785 epilo—
613 3737 671 3774 non
685 3722 878 3773 eciottmcdat.
911 3728 939 3768 et
952 3724 983 3784 6,
1000 3725 1052 3771 23:
1077 3719 1129 3770 luc-

52 3787 194 3852 glinstar
212 3793 284 3840 sunt.
318 3791 362 3842 cl.
382 3794 415 3858 1,
440 3793 490 3843 27:
522 3791 571 3856 qui
613 3792 703 3856 syrites
728 3791 838 3841 victure
862 3791 909 3856 fas
933 3802 991 3839 non
1011 3789 1128 3852 putent.

52 3869 118 3909 eum
129 3871 194 3910 eum
206 3859 238 3908 ln
251 3860 357 3912 ttinere
373 3860 573 3912 convenissent
613 3862 733 3912 similius
747 3859 816 3924 linio,
835 3860 903 3921 quod
917 3858 961 3906 hic
973 3859 1081 3922 legitur,
1101 3864 1128 3905 et
1145 3884 1156 3907 ι

53 3938 141 3992 eaque
154 3928 193 3979 ad
203 3930 290 3991 pedes
302 3930 492 3992 proiecissent
501 3943 571 3994 sun·
615 3928 791 3982 collocat-inne
805 3926 918 3991 gravius
931 3927 996 3976 illud
1008 3933 1051 3981 est
1059 3927 1084 3990 1,
1098 3926 1130 3978 8:

54 3994 227 4062 pileumque
247 3999 337 4049 locuti
353 3999 457 4063 fientes
466 4011 572 4064 pacem
615 4000 702 4066 nequt
714 4010 745 4048 se
756 4009 838 4047 more
850 3997 880 4047 et
893 3998 1022 4060 ecempto
1040 4005 1132 4059 popu·

54 4066 204 4129 petissent.
227 4064 256 4115 in
270 4067 365 4130 quiltus
379 4068 508 4129 prooemii
525 4080 572 4119 ar,-
614 4068 639 4121 li
668 4065 794 4120 Buritani
817 4077 901 4130 perae
923 4065 982 4117 iter
1005 4064 1059 4116 ulli
1080 4072 1134 4128 per

56 4134 211 4200 §mentun
225 4148 279 4191 nno
292 4136 423 4191 adversio
435 4137 573 4203 moqunt-
618 4136 801 4206 prooinoiant
813 4135 896 4188 dure.

319 4228 365 4296 χ
