2572 4688
300 854 900 973 “parmarum¹

459 1053 463 1059 ,
527 1040 725 1058 ψ

75 1126 148 1264 C·
172 1197 288 1268 Iulius
310 1191 503 1266 conrardo
524 1193 757 1269 vetustissima
785 1188 952 1289 Iuliorum
979 1199 1078 1280 gente
1105 1218 1167 1285 pa·

77 1305 178 1371 tricia
201 1309 305 1397 natus
328 1309 381 1368 eet
401 1299 529 1367 Romae
550 1300 585 1366 in
608 1296 906 1391 Suburamodioie
929 1296 1070 1367 aedibus
1085 1322 1116 1369 a.
1132 1299 1168 1373 d.

79 1430 145 1477 1111.
172 1404 228 1472 ld.
257 1403 378 1492 Quint.
401 1426 487 1470 anno
507 1405 604 1470 urbis
626 1402 783 1470 conditae
809 1398 993 1470 DGLlllI.
1021 1400 1063 1489 C.
1092 1404 1168 1473 Ma.-

78 1513 127 1578 rio
155 1517 309 1588 s'extum,
338 1507 380 1576 L.
402 1506 544 1575 Valerio
566 1506 690 1574 Flacco
712 1527 818 1587 coeo„
855 1504 915 1592 qui
937 1527 1044 1574 annus
1066 1506 1168 1576 dinei·

79 1616 170 1682 milis
198 1613 354 1702 proximo
382 1633 445 1698 per
472 1609 576 1676 Marii
597 1609 804 1697 triumphum
826 1607 1032 1677 Cimbricum
1052 1611 1170 1680 festio·

79 1720 165 1786 nimo
186 1718 232 1786 L.
247 1714 413 1804 Appuleii
430 1711 605 1781 Saturnini
621 1710 748 1778 tribuni
764 1710 874 1800 plebis
889 1720 1046 1779 cruentae
1064 1717 1169 1784 actio.

78 1844 158 1905 nes,
186 1828 364 1887 cruentum
382 1817 507 1882 exitum
523 1816 622 1884 vidit.
664 1810 789 1894 Pater,
811 1814 934 1902 etipse
950 1812 1170 1907 Gaiusprae·

79 1926 233 2006 nomine,
255 1922 335 1991 Gaii
356 1926 391 1987 et
409 1918 557 1986 Marciae
577 1918 689 1998 filius,
715 1914 844 2001 Iuliae,
872 1939 971 2005 quam
986 1918 1117 1988 Marius
1133 1924 1170 1990 in

29 2032 32 2043 '
78 2027 299 2098 matrimonio
319 2024 484 2104 habebat,
514 2022 639 2101 irater,
669 2021 806 2108 circi-ter
827 2021 974 2108 quinque
993 2029 1028 2088 et
1049 2025 1169 2110 viginti

80 2153 186 2209 curros
202 2135 276 2193 tum
292 2134 411 2209 natue,
441 2130 550 2192 mater
567 2121 734 2204 Aurelia,
761 2127 872 2208 gentis
894 2123 1065 2211 plebeiae,
1086 2125 1171 2196 Got-

79 2243 193 2302 tarum
218 2230 427 2318 propinqua,
455 2248 590 2295 sorores
614 2224 701 2292 duae
724 2235 861 2295 autres
885 2227 993 2296 Iuliae
1014 2229 1123 2303 fuere.
1161 2267 1163 2271 ·

184 2333 293 2402 Domi
324 2331 388 2398 nub
415 2337 543 2412 matre,
577 2330 701 2396 femina
728 2330 900 2416 ingeniosa
923 2338 959 2398 et
979 2331 1113 2402 erudita
1134 2339 1173 2403 et

29 2500 31 2505 .
80 2442 146 2508 filii
168 2435 422 2517 amantissima,
448 2433 612 2503 educatus
630 2433 714 2500 bono
727 2429 965 2522 eleganterque
977 2438 1073 2526 loqui
1086 2460 1173 2530 puer

82 2541 255 2622 aas'ucvit,
290 2539 455 2605 incertum
484 2538 604 2603 matris
633 2543 767 2603 tantum
795 2544 831 2603 et
858 2538 1096 2626 familiarium,
1128 2566 1177 2630 an

81 2646 192 2716 Marci
215 2664 348 2732 quoque
369 2642 515 2710 Antonii
537 2639 724 2730 Gniphonie
747 2637 960 2727 grammatici
983 2646 1174 2715 institutioss
1207 2647 1210 2655 ’

83 2777 145 2831 ne,
179 2770 280 2840 quem
302 2744 436 2834 quidem
460 2743 588 2812 Graeco
610 2766 676 2810 non
698 2745 808 2811 minus
838 2766 937 2832 quam
964 2728 1098 2816 Latine⁰
1113 2749 1172 2818 do-

83 2865 177 2924 ctum
206 2850 358 2921 scholam
384 2850 421 2916 in
431 2847 512 2935 ‚ieta
533 2846 633 2915 domo
654 2848 716 2915 illo
737 2854 889 2938 tempore
912 2850 1073 2920 habuisse
1095 2864 1174 2922 odn-

85 2967 169 3030 otat.
219 2954 361 3023 Dictum
383 2960 590 3018 memoratur
611 2941 837 3039 praetextati,
869 2951 913 3021 ad
939 2976 1060 3024 verene
1086 2958 1174 3027 reci-

86 3070 235 3141 tantem,
259 3065 290 3123 ei
307 3069 438 3136 cumae,
465 3058 696 3130 malecautus,
724 3061 755 3121 oi
772 3059 870 3138 legis,
897 3073 1030 3143 caniac,
1053 3083 1093 3128 ex
1106 3084 1174 3151 quo

87 3168 316 3234 coniecturam
344 3157 386 3226 dc
414 3157 603 3250 puerilibus
626 3155 751 3224 stodiis
773 3159 846 3225 eius
868 3161 997 3248 capias.
1046 3165 1103 3232 Ac
1124 3165 1175 3230 le-

87 3270 253 3336 rchantur
274 3287 293 3329 a
314 3283 420 3352 puero
449 3269 485 3329 ot
513 3261 556 3327 ah
584 3258 833 3330 adolescentulo
862 3263 1012 3349 eiusdem
1040 3267 1173 3350 generis

89 3374 237 3462 scripta,
263 3366 396 3432 Laudes
410 3366 567 3431 Herculia
588 3370 624 3429 ot
643 3364 816 3450 tragoedia
833 3360 992 3453 Oedipus,
1014 3389 1100 3455 quae
1115 3392 1176 3458 pa-

90 3479 174 3544 riter
196 3482 301 3561 atque
321 3468 426 3533 Dicta
445 3469 647 3532 collectanea
667 3467 849 3554 Augustus
870 3473 1038 3560 publicari
1054 3475 1175 3547 vetuit.

58 3594 63 3611 ·
174 3579 334 3667 'Annum
359 3590 462 3664 agona
491 3577 647 3657 quartum
675 3579 712 3638 et
733 3572 897 3641 decimum
920 3597 938 3640 a
959 3573 1070 3643 Mario
1095 3574 1176 3649 Cin.-

88 3703 198 3772 naqnc
227 3671 497 3763 flamen-,Dialis
526 3671 717 3742 destinatus
739 3683 799 3745 eet
817 3681 919 3770 paulo
942 3685 1038 3762 autc,
1073 3702 1174 3768 quam

87 3790 155 3858 vita
176 3780 362 3851 decederet
382 3777 526 3871 Marino.

187 3884 338 3955 Biennio
360 3888 440 3973 post
462 3876 577 3946 amisit
598 3884 749 3968 patrem,
778 3881 839 3970 qui
854 3890 1018 3972 ⁴practura
1038 3887 1176 3976 perfun-

87 4001 160 4061 ctus
182 3991 310 4073 Pisae,
339 3985 419 4057 dum
439 3983 603 4053 calciatur
625 3983 808 4067 matutino,
827 3988 920 4055 nulla
934 3986 1087 4056 evidente
1099 4012 1178 4058 oau-

87 4121 121 4168 oo
143 4096 248 4168 obiit
294 4190 297 4197 Ι

952 4216 973 4261 a
