2572 4688
50 278 56 290 '
152 306 221 377 us
414 293 487 368 uu
514 293 694 369 nunno
724 293 980 371 caturco

155 487 275 562 conlisi
297 492 435 556 uenere
461 483 720 570 contenderunt,
753 493 815 554 aut
832 485 995 555 lintribus
1022 481 1172 552 inventis
1193 484 1242 552 si-

112 580 191 649 sii
216 579 363 647 salutern
392 584 603 663 repererunt.
682 574 726 642 lu
752 576 807 643 his
829 576 896 655 tuit
924 573 1146 655 Ariouistus,
1179 573 1242 660 qui

153 664 341 735 naviculam
363 661 546 751 deligatam
569 661 613 730 ad
633 662 741 751 ripam
762 669 884 729 nactam
910 681 952 727 ea
976 659 1150 751 profugit:
1186 680 1242 727 re·

119 754 132 825 ’.
153 757 266 844 liquos
293 772 410 821 ornnes
440 753 595 840 equitatu
630 750 803 818 consecuti
837 750 952 827 nostri,
982 749 1242 820 interfecerunt.

110 833 256 913 tisun
283 842 423 907 luerunt
453 837 625 907 Ariovisti
657 859 797 919 uxores,
840 858 908 902 uua
944 832 1055 903 Saeve
1090 836 1241 915 untione,

153 946 255 1020 quern
273 926 374 996 domo
396 949 510 995 secum
537 924 701 1002 duxerat,
738 928 846 993 altera
868 922 1017 1005 Norica,
1051 923 1146 1010 regis
1164 920 1243 991 Vas

152 1015 277 1089 olienis
296 1035 415 1099 soror,
434 1036 535 1106 quam
553 1015 590 1085 iu
609 1013 724 1085 Gallia
746 1012 890 1093 duxerat
911 1033 931 1079 a
949 1010 1058 1079 tratre
1078 1011 1240 1081 musonis

219 1229 249 1291 s.
261 1230 289 1280 2.
321 1228 447 1289 nanno]
466 1226 628 1281 transuere
644 1226 728 1291 ione.
744 1223 776 1278 c.
792 1222 840 1276 Dr.
856 1222 887 1273 Β.
904 1221 967 1275 Ald.
985 1233 1048 1286 nep.
1064 1218 1143 1285 Lips.
1157 1220 1240 1272 tra-

185 1300 294 1351 nature
314 1297 384 1349 And.
408 1299 437 1348 s.
458 1298 536 1350 Leid.
558 1296 616 1348 AG.
632 1296 713 1347 (toti.
728 1299 763 1346 A.
779 1295 861 1346 vind.
878 1295 935 1345 nu.
953 1293 1160 1343 'transnatare
1177 1291 1238 1340 cod.

115 1396 119 1401 ·
184 1366 297 1434 Vrsini,
322 1366 404 1418 vind.
421 1370 456 1418 A.
473 1368 548 1419 soal.
564 1370 592 1418 et
609 1380 669 1430 sqq.
684 1365 836 1417 tacentibus
852 1365 886 1415 de
902 1362 1026 1426 Anglicis
1051 1360 1131 1411 libris
1155 1359 1238 1411 Ulur-

183 1434 232 1490 lrio
249 1444 277 1487 et
295 1431 422 1490 Wessio.
457 1433 489 1487 ld
507 1435 574 1488 liud.
593 1436 713 1486 iuuullo
730 1446 838 1485 suornm
856 1444 1012 1494 comparere
1028 1432 1149 1481 testatus
1170 1439 1239 1491 per-

183 1513 290 1557 mutare
313 1518 374 1556 unm
397 1517 446 1572 eo,
470 1507 542 1570 quod
558 1504 642 1557 utillo
661 1504 780 1555 decenus
798 1503 881 1554 multo
897 1501 1027 1552 maiorem
1044 1496 1237 1551 auctoritatem

183 1575 281 1639 habet,
312 1579 403 1626 tumen
425 1574 521 1625 uoluit.
560 1572 624 1642 civ.
639 1575 671 1640 1,
688 1574 725 1626 ts
748 1575 907 1624 transnare
928 1570 1036 1637 {iumen
1059 1575 1088 1619 et
1104 1568 1187 1619 Alex.
1199 1568 1236 1617 29

182 1642 289 1710 flumen
304 1644 503 1697 transmutent
522 1642 581 1693 siue
599 1642 786 1696 controversia
803 1639 910 1705 legitur.

218 1711 245 1773 S.
257 1717 284 1765 ³.
317 1711 439 1775 cantatu
456 1711 608 1774 consecuti]
633 1712 779 1778 equitatus
796 1705 943 1761 consecuti
958 1706 1042 1771 Bong.
1061 1702 1093 1757 C.
1117 1700 1236 1769 equita·

183 1782 246 1834 tum
263 1793 288 1831 c.
305 1781 355 1831 Lb.
380 1781 491 1848 equites
507 1794 533 1832 c.
550 1781 621 1833 lior.
639 1784 667 1832 S.
683 1781 741 1831 Pet.
764 1780 822 1841 (tic
839 1778 1014 1841 interposito,
1042 1786 1096 1825 nou
1120 1781 1235 1836 postpo-

182 1851 237 1901 sito
258 1847 370 1910 nostri]
400 1852 534 1916 Aldinae,
559 1848 608 1903 tir.
631 1863 657 1902 a.
684 1851 764 1901 l'urr.
788 1858 816 1900 et
833 1863 892 1912 sqq.
908 1856 970 1898 ante
988 1843 1057 1895 Dud.
1086 1841 1235 1895 consecuti

182 1918 294 1985 equites
319 1916 395 1968 Leid.
420 1921 455 1968 A.
480 1918 562 1971 vind.
587 1921 620 1968 A.
644 1920 718 1970 llav.
735 1920 771 1970 A.
788 1920 879 1982 steph.
897 1916 966 1967 0ud.
998 1915 1059 1970 Nou
1076 1913 1235 1965 mutandam

163 1988 270 2040 ,tuisse
285 1987 532 2050 antiquissimarum
547 1989 607 2039 edd.
623 1995 652 2039 et
667 1987 716 2040 (ir.
733 1988 761 2040 b.
777 1988 939 2049 scripturam
954 1980 1024 2035 vidit
1039 1982 1164 2033 lleldius.
1190 1982 1233 2034 ci.

180 2058 215 2195 D,
231 2056 264 2176 D:
289 2066 360 2175 Duos
373 2056 514 2110 Labienus
529 2050 665 2125 equitatu
681 2059 863 2110 consectatus
879 2067 983 2123 suanno
1000 2063 1122 2105 numero
1135 2050 1234 2105 inter·

198 2136 332 2178 noea

73 2252 76 2261 ¹
216 2190 284 2254 §.A
318 2194 408 2254 domo]
434 2194 548 2246 domurn
565 2193 641 2246 Laid.
661 2193 693 2247 0.
710 2197 792 2249 Vrat.
809 2195 841 2248 B.
857 2192 943 2247 Bona.
957 2190 1012 2243 inc.
1040 2203 1061 2244 a
1080 2188 1166 2242 dona
1182 2188 1232 2243 (tn.

179 2262 266 2314 Voss.
289 2262 345 2313 AB.
367 2262 443 2315 Leid.
459 2268 495 2315 A.
511 2267 539 2314 8.
557 2265 630 2316 llev.
644 2267 679 2315 A.
696 2266 744 2334 Dr.
761 2264 791 2316 Β.
812 2265 894 2317 vindi
911 2260 992 2315 Aci.
1008 2268 1036 2311 et
1054 2273 1116 2311 cum
1133 2269 1232 2325 puncto

152 2336 156 2341 '
180 2333 231 2382 sub
252 2345 272 2384 a
294 2333 373 2383 Goth.
390 2332 424 2381 A.
449 2332 484 2383 at
502 2335 585 2384 domo
601 2333 686 2400 flung.
704 2335 758 2386 Bc.
776 2336 844 2386 oud.
878 2330 1108 2395 Praepositiouem
1123 2342 1142 2383 a
1159 2330 1230 2382 scri-

178 2398 265 2462 ptoris
294 2401 487 2452 consuetudine
510 2403 656 2454 abhorrere
681 2416 736 2456 uon
758 2404 831 2468 fugit
852 2403 994 2468 lleldium,
1022 2398 1230 2464 audacitatis

178 2468 248 2523 lucis
264 2462 402 2523 addendus
419 2479 462 2520 cst
479 2483 504 2520 u.
518 2473 551 2522 31
570 2470 597 2532 S.
611 2469 645 2523 14
661 2475 695 2524 ut
714 2475 796 2524 domo
813 2473 965 2537 emicarent.

212 2539 341 2599 duxerat]
367 2535 538 2592 adduxerat
560 2539 645 2592 Voss.
663 2543 694 2592 Β.
710 2543 782 2597 Duk.
800 2544 881 2593 Viud.
900 2541 936 2591 A.
953 2538 1033 2589 Goth.
1048 2538 1084 2591 A.
1100 2536 1229 2599 Aldinae,

177 2606 226 2658 tir.
246 2609 291 2657 ab.
309 2615 338 2659 et
354 2620 412 2673 sqq.
430 2618 493 2660 ante
509 2610 578 2662 Dnd.
601 2610 664 2663 aba.
681 2612 729 2664 Dr.
741 2610 771 2662 Β.
789 2612 872 2663 Vind.
886 2611 916 2661 Β.
941 2609 1030 2659 edua.
1048 2607 1108 2659 cod.
1121 2607 1228 2669 Vrsini,

176 2672 228 2728 (iu.
244 2677 329 2729 Voss.
345 2676 383 2728 A.
406 2678 483 2730 Leid.
501 2679 536 2732 A.
552 2681 581 2731 S·
598 2681 671 2732 llav.
686 2682 720 2731 A.
737 2682 808 2732 Ven.
825 2682 846 2731 i.
865 2681 958 2742 Stepln
975 2677 1044 2727 0nd.
1078 2675 1133 2727 Pro
1152 2689 1229 2729 conr-

173 2744 278 2827 ppsito,
302 2748 372 2811 qnod
385 2748 430 2811 qni
443 2747 569 2801 exhibent
584 2750 708 2815 codices,
728 2748 825 2812 partim
839 2749 910 2801 iuter
923 2763 954 2799 se
966 2744 1146 2812 dissentiunt,
1160 2756 1228 2809 par·

175 2820 224 2866 tun
241 2814 323 2866 iidem
339 2824 419 2880 suut,
437 2828 504 2881 quos
521 2818 550 2870 in
560 2816 689 2884 ”proxima
705 2819 875 2871 mactatione
891 2816 1068 2881 interpolatos
1084 2826 1150 2864 csse
1166 2823 1228 2865 sta-

176 2883 291 2943 tulrnus,
312 2885 434 2949 quodque
451 2886 600 2939 variandae
617 2888 747 2940 orationis
764 2902 866 2952 causa,
883 2901 945 2940 cum
962 2884 1043 2947 paulo
1056 2892 1116 2946 post
1128 2880 1228 2935 iterum

174 2952 306 3005 duceret
328 2953 452 3020 legatur,
485 2954 603 3008 adscribi
628 2957 731 3022 potuit,
764 2959 879 3019 simplex·
902 2955 1013 3007 exedd.
1033 2950 1227 3004 anteveni.

174 3020 298 3084 restitui,
323 3024 393 3085 qnod
410 3023 479 3074 0ad.
497 3026 606 3076 codices
622 3060 641 3093 ,‚
650 3024 756 3089 plurimi
766 3024 784 3056 ‘⁶
801 3028 884 3092 Dong.
898 3027 954 3078 AB.
967 3026 1024 3074 Pet.
1037 3024 1070 3072 N.
1082 3016 1154 3086 lieg.
1165 3021 1226 3073 Pal.

174 3089 250 3142 (init.
272 3090 352 3155 Egrn.
373 3092 444 3143 Lov.
469 3094 520 3146 lib.
541 3095 589 3146 Dr.
613 3101 648 3147 A·
670 3098 750 3149 Vrat.
771 3096 850 3150 ABG.
874 3094 955 3146 Goth.
972 3094 1003 3143 Β.
1020 3092 1119 3144 lleub.
1134 3090 1227 3143 dicuin

171 3157 256 3209 Viud.
272 3160 307 3210 ll:
322 3162 440 3212 meatur.

206 3227 364 3290 Vnctionis]
391 3231 473 3292 song.
490 3231 525 3281 A.
541 3232 591 3282 Dr.
606 3234 640 3283 A.
659 3232 741 3285 vind.
757 3235 816 3284 Ait.
833 3231 908 3285 dote.
927 3226 1074 3284 Voccionis
1090 3226 1173 3282 vrci.
1190 3229 1225 3280 A.

172 3293 254 3347 Goth.
272 3297 302 3347 Β.
318 3298 372 3350 Ga.
387 3298 470 3351 Viud.
488 3300 521 3349 D.
537 3313 599 3352 curn
615 3303 674 3352 edd.
691 3311 753 3355 ante
771 3304 803 3354 P.
821 3306 911 3372 Mau,
936 3315 955 3354 a
971 3314 1022 3366 qno
1038 3298 1102 3351 iude
1121 3298 1227 3350 Vocis·

171 3365 219 3417 nis
236 3367 374 3435 scribunt,
398 3369 468 3431 quod
485 3381 536 3432 ego
554 3369 581 3420 iu
599 3373 674 3422 nullo
691 3373 784 3422 codice
799 3371 893 3423 inveni
910 3384 997 3434 neque
1013 3370 1081 3421 0ud.
1099 3367 1227 3419 iuvenis-

172 3447 204 3483 se
222 3434 345 3504 videtur,
369 3435 415 3499 qui
435 3471 456 3503 ‚,
467 3438 628 3506 Voccionis,
658 3442 819 3506 Voctionis,
842 3440 995 3494 Boccionis
1013 3439 1069 3498 (sic
1085 3438 1145 3489 Pei.
1162 3434 1225 3489 aar.

117 3514 127 3525 '
169 3501 256 3556 Voss.
279 3507 314 3556 A.
337 3506 415 3569 ligni.
432 3506 517 3558 Vind.
533 3507 564 3558 (i.
584 3518 611 3559 et
628 3521 699 3562 corr.
722 3512 801 3562 Goth.
818 3512 884 3577 A),
906 3509 1040 3562 Basienis
1058 3507 1158 3565 (vind.
1176 3508 1226 3568 Β.)

169 3567 245 3622 etc.“
264 3570 293 3624 lu
309 3575 385 3625 MSS·
403 3582 431 3626 et
447 3575 514 3626 ltdd.
531 3575 609 3627 vett.
624 3590 688 3629 esse
704 3580 779 3632 dicit.
815 3581 940 3631 Proxime
957 3581 992 3630 ad
1009 3578 1174 3641 scripturam
1191 3578 1223 3630 P.

168 3642 242 3696 lieu
259 3643 366 3695 accedit
382 3644 477 3698 lieni.
505 3645 619 3700 Vociais
631 3650 659 3700 et
670 3650 717 3701 Dr.
732 3651 762 3701 Β.
780 3648 921 3703 iunianis.
944 3650 976 3702 lu
988 3648 1069 3702 vrci.
1083 3642 1115 3700 c.
1141 3646 1226 3701 Noc·

131 3826 264 3883 crossum
278 3831 424 3885 transferri
438 3833 562 3900 debebit,
589 3834 653 3888 siis
697 3835 769 3888 dium
795 3837 937 3888 terendum
962 3837 1134 3901 collocatas,
1169 3842 1223 3897 quo

130 3910 193 3949 euru
206 3901 327 3964 equitatu
340 3902 493 3971 Gallorum,
513 3904 559 3954 cui
571 3919 653 3968 orae-
696 3918 765 3971 opus
787 3913 861 3958 esset
873 3906 1018 3959 minander
1031 3918 1095 3958 csse
1110 3904 1181 3955 vidit
1193 3907 1223 3954 et

129 3969 209 4032 eret,
231 3972 312 4023 extra
329 3975 417 4025 eciem
439 3972 604 4025 constitutus
623 3983 652 4026 et
695 3976 785 4040 nisit,
816 3987 879 4026 curu
906 3974 1012 4027 caesar
1033 3977 1106 4027 inter
1132 3974 1222 4025 eciem

127 4038 232 4117 proelio
249 4041 390 4095 ‚abstinere
408 4043 501 4094 iussus
522 4045 650 4096 conones
695 4051 824 4096 versatus
836 4051 865 4095 et
878 4043 1022 4109 impeditus
1035 4051 1162 4098 neutrum
1174 4043 1222 4096 le-

125 4104 290 4170 regionariae
308 4113 337 4162 et
356 4111 478 4164 sonasse
503 4113 609 4167 alarin
631 4127 650 4167 a
693 4125 758 4166 cere
772 4112 918 4179 potuieset.
968 4142 972 4149 ,

123 4170 246 4230 caesus
263 4179 292 4232 iu
311 4180 393 4233 tertie
411 4180 473 4231 acie
493 4183 529 4233 ed
554 4182 646 4236 suisi-
