2572 4688
138 250 209 343 m
401 254 477 329 DE
498 238 684 331 liutto
708 250 967 332 cantico

143 461 181 528 ut
199 471 306 547 paona
328 446 573 517 circumventae
592 446 719 529 teneri,
736 448 891 532 calones,
906 446 1040 537 equites
1046 454 1061 532 ‚'
1078 447 1233 520 tunditu-

145 565 221 624 ηε,
248 536 436 618 Numidas,
465 535 619 602 dinamus
639 533 894 624 dissipatosque
915 536 952 604 iu
972 558 1088 605 omnus
1108 546 1235 629 partes

107 640 111 649 ’
145 634 262 717 lugere
275 625 458 705 vidissent,
485 621 674 712 desperatis
688 623 815 690 nostris
826 623 930 691 rebus
944 622 1079 691 donnum
1091 635 1236 695 conten-

106 719 289 797 cierunt:
352 711 523 779 Romanos
545 711 666 797 pulsos
687 716 955 799 superatusque,
980 713 1108 780 castris
1121 714 1236 804 irnpe-

148 805 374 888 dimantisquc
391 819 507 867 corum
524 797 639 864 hostes
653 798 783 886 potitos
796 797 926 866 civitati
938 802 1235 874 rannntiavcruut.

145 897 204 966 2⁵.
231 891 360 962 Cacsar
379 886 421 953 ab
440 884 588 952 decimae
609 883 752 971 legionis
771 885 1001 954 cohortatione
1014 887 1057 956 ad
1072 886 1235 958 dexuum

146 971 1234 1147 illllili‘loitlilligtll“tiliiiiiiii}

179 1260 257 1317 locu
276 1256 389 1314 ovini.
410 1251 453 1309 2.·
465 1254 545 1309 abest
556 1260 585 1307 et
596 1253 632 1306 al)
644 1249 768 1306 omnibus
779 1260 846 1320 post
854 1253 954 1315 Alium
965 1253 1115 1312 colunias
1127 1254 1235 1312 onitti·

181 1342 245 1398 tur,
266 1329 386 1382 iortme
406 1327 476 1389 qaod
489 1325 581 1377 nullus
594 1323 710 1376 incutiant
724 1324 847 1389 legiones
864 1333 971 1395 essent,
991 1341 1011 1381 a
1021 1327 1119 1393 qulbus
1132 1328 1233 1380 ‹listin-

182 1410 278 1456 oturus
296 1409 363 1450 suas
383 1393 489 1447 caesor
504 1396 624 1447 austras
634 1393 746 1445 olocrct.
779 1394 871 1458 Atque
880 1395 1069 1460 oncenlorpio
1082 1397 1167 1450 etiem
1177 1411 1233 1448 etc-

136 1471 144 1489 *
183 1472 251 1524 stru
268 1476 330 1535 post
348 1466 450 1517 castro
467 1463 640 1517 omittendum
659 1474 722 1513 cuns
737 1462 795 1513 Pet.
814 1471 843 1514 et
854 1462 915 1515 llic.
926 1465 1087 1533 dicimur,
1108 1474 1142 1518 ut
1156 1478 1183 1518 c.
1195 1469 1235 1519 20

183 1547 255 1591 extr.
276 1538 308 1589 ct
324 1535 427 1586 costra
444 1534 474 1585 ct
493 1531 619 1600 lepioneo
638 1529 698 1583 sinc
717 1530 854 1584 afficotivo
875 1540 1027 1600 ponunturp
1049 1546 1105 1601 qua
1123 1535 1234 1601 quinem

180 1606 287 1661 tutione
300 1606 414 1672 proheta
427 1605 545 1655 costros
557 1599 666 1665 procori
680 1612 735 1652 non
749 1612 831 1671 posse
844 1602 1028 1668 concoquitur.
1059 1604 1119 1657 Nec
1131 1603 1235 1669 legitur

181 1677 290 1730 nostro
307 1673 335 1724 in
354 1674 424 1725 Lot.
441 1673 489 1723 Dr.
501 1675 538 1723 A.
550 1672 630 1723 Vrut
644 1670 700 1719 All.
715 1670 810 1720 nono.
826 1669 926 1737 Bona„
942 1671 972 1723 in
985 1673 1059 1724 Gott
1073 1673 1154 1737 Eun.
1166 1683 1234 1725 veru

181 1753 246 1812 post
257 1739 396 1810 compleri
406 1739 522 1805 positura
533 1747 585 1793 est.
618 1739 672 1790 seu
684 1735 711 1788 ic
724 1738 830 1802 quidem
843 1739 930 1790 omitti
942 1742 1024 1795 salva
1034 1741 1235 1805 perspicuitate

183 1818 212 1869 lt.
223 1815 243 1865 l.
260 1825 314 1864 non
333 1812 450 1876 licebat,
471 1821 556 1872 eoque
576 1808 688 1858 servato
701 1808 822 1859 nostm
834 1819 887 1858 uon
898 1811 976 1861 nouo
988 1811 1091 1863 nouam
1103 1811 1234 1863 amnuo-

182 1895 245 1937 nem
262 1882 362 1946 habet,
384 1881 437 1933 seu
446 1881 629 1931 mmauorunu
650 1872 833 1942 potissimum,
850 1876 987 1944 qullongc
1000 1878 1057 1932 elie
1070 1880 1182 1933 tonnus
1192 1877 1234 1930 utl

185 1949 408 2014 consuevissent,
423 1955 480 1999 tam
493 1944 613 1998 aflictos
625 1944 797 2011 perditasque
806 1957 855 2000 res
867 1958 981 2003 camere
996 1960 1061 2000 sese
1071 1949 1234 2005 mumius

183 2018 307 2074 treviris
320 2027 483 2080 magnopere
495 2012 632 2065 convenit.

218 2086 287 2150 cop.
299 2086 343 2138 25.
360 2085 388 2145 s.
403 2087 429 2135 1.
462 2081 569 2146 urgeri]
592 2079 712 2149 oerpcrt
729 2079 816 2136 Bona.
836 2080 963 2153 urpocri
982 2083 1050 2140 oui.
1069 2086 1156 2138 tacite
1174 2087 1201 2138 ln.
1212 2085 1234 2136 l.

186 2159 216 2208 ct
229 2170 253 2207 c.
260 2158 295 2207 26
311 2154 337 2216 S.
347 2157 374 2221 1,
389 2157 421 2204 ut
430 2150 520 2204 Alrlc.
533 2153 551 2200 6
568 2149 620 2211 §.il
636 2157 855 2220 urpoereotque
870 2155 996 2223 scripsit,
1012 2156 1234 2218 quenadmodum

185 2227 223 2278 ad
234 2224 339 2278 Lucani
353 2224 386 2285 1,
403 2218 456 2274 148
473 2219 525 2271 albi
538 2231 599 2271 oum
611 2219 834 2274 Drakeubcrcltio
847 2230 876 2274 et
886 2224 950 2275 ullis
964 2223 1137 2276 scribendum
1147 2222 1234 2275 videri

185 2293 314 2348 ostencit.
347 2290 424 2343 Idem
441 2290 533 2352 placet
549 2287 702 2340 anaunia
714 2291 749 2341 uu
762 2289 820 2342 cic.
833 2293 914 2344 verr.
927 2295 961 2359 3,
977 2292 1015 2346 97
1030 2306 1059 2357 p.
1071 2295 1127 2347 ²07
1144 2294 1233 2356 Neep.

187 2365 272 2428 (³92,
288 2360 324 2414 38
340 2359 420 2421 ilai.)
442 2360 479 2409 Et
496 2369 606 2426 arpoeo
623 2356 727 2419 pariter
746 2366 828 2423 utque
840 2372 932 2427 arpeo
951 2362 979 2413 in
992 2374 1044 2413 usu
1056 2361 1145 2414 luisse
1158 2361 1235 2415 Velil

186 2431 275 2497 Longi
287 2429 414 2481 iudicium
427 2441 454 2491 p.
469 2430 538 2480 222³
555 2427 666 2479 Putscla.
678 2428 772 2494 ducet,
787 2427 834 2490 qui
847 2443 868 2480 at
881 2430 980 2482 vitiose
990 2431 1125 2483 luasrtun
1138 2430 1236 2483 existi-

187 2508 253 2554 tuut.
288 2497 447 2552 Priscianus
467 2499 503 2562 il,
525 2499 543 2547 t
566 2509 594 2560 p.
613 2492 667 2546 loo
684 2495 733 2548 lir.
755 2506 867 2563 utputo
885 2497 994 2563 ignoret
1011 2501 1041 2551 et
1057 2512 1152 2568 arpeo
1172 2511 1237 2551 curn

187 2568 339 2637 inculpet,
360 2568 477 2636 fulpco,
497 2566 596 2632 dcco,
618 2565 741 2632 torpeo,
762 2566 864 2631 torpeo
882 2566 1032 2636 conponit,
1054 2581 1128 2634 quus
1145 2569 1238 2623 cunio

186 2636 375 2693 terminatione
387 2649 439 2704 peu
450 2635 479 2687 iu
490 2634 518 2686 sl
531 2644 665 2685 conversa
677 2633 781 2686 iaciant
793 2635 969 2695 praeteritum
980 2637 1143 2700 perlectum.
1176 2639 1237 2690 lio-

186 2722 248 2761 rum
268 2707 457 2759 auctoritatem
474 2717 510 2756 ac
526 2703 659 2756 rationem
679 2714 698 2754 a
714 2702 856 2755 Prisciano
870 2707 1046 2758 monstratum
1058 2705 1238 2772 suilagantl·

188 2780 239 2832 bus
260 2775 398 2827 codicibus
411 2772 487 2838 sequi
499 2785 553 2825 non
563 2771 697 2824 dubitaui.
728 2772 799 2822 Nutu
816 2770 843 2822 h.
855 2773 875 2823 l.
888 2773 972 2839 Bong.
983 2774 1017 2823 A.
1030 2783 1059 2827 et
1070 2776 1170 2841 reliqui
1181 2774 1238 2826 mel

188 2858 283 2900 omncs
293 2843 415 2913 urperi,
431 2853 456 2894 c.
470 2845 505 2895 26
521 2850 626 2893 tuntum
638 2842 717 2905 Egnt.
728 2848 758 2890 ct
769 2839 850 2892 Vrec.
864 2843 899 2893 A.
914 2843 1055 2910 supteri,
1077 2845 1140 2895 Air-
1158 2844 1239 2896 deni-

188 2928 241 2980 que
260 2916 336 2981 Pet,
359 2925 438 2977 quem
457 2906 663 2963 occaecatum
682 2922 713 2960 se
728 2908 810 2977 dicit,
831 2917 904 2962 teste
917 2925 959 2965 ex.
971 2912 1054 2968 Febr.
1066 2910 1133 2967 itaut
1140 2925 1238 2983 strpe-

188 2986 330 3052 rcutqoe,
346 2981 474 3035 melotes
486 2991 555 3033 vcro
567 2980 766 3048 soporemque
776 2978 910 3032 exilient.
1012 3040 1015 3048 .

209 3154 376 3221 funditores,
409 3150 555 3218 Numidas]
597 3155 673 3208 llule
715 3156 827 3224 serant,
857 3162 940 3220 etquc
962 3153 1008 3209 laic
1031 3155 1095 3208 erat
1118 3161 1239 3217 evanum

154 3227 300 3276 nonnullae
326 3227 387 3275 eud.
416 3233 548 3276 commate
567 3231 673 3292 curent,
714 3223 936 3288 exspectationis.

157 3302 185 3344 et
198 3288 600 3362 Metapltr.tou'ccpsoclocp'tot
614 3294 675 3346 No·
766 3293 835 3357 cup.
848 3293 891 3346 25.
906 3293 935 3354 S.
947 3295 973 3348 1.
1006 3288 1180 3347 autminus
1195 3294 1240 3345 le·

155 3357 246 3430 picae
269 3362 366 3424 posuit.
416 3362 544 3414 ceterum
568 3362 673 3428 nescio,
716 3359 805 3426 gionls
823 3361 1021 3421 cohortatione]
1044 3362 1079 3412 tle
1092 3375 1148 3426 qua
1163 3375 1190 3413 c.
1202 3365 1238 3414 21

157 3442 194 3481 un
223 3433 347 3482 consulto
376 3430 565 3499 supplicatim,
604 3432 675 3497 quui
716 3429 831 3499 morat,
846 3428 1240 3496 postquamlnalterampar·

155 3501 238 3563 paulo
273 3501 362 3550 minus
400 3502 516 3566 fugaces
546 3499 675 3567 fuissent,
716 3506 772 3550 tem
796 3497 862 3551 itanu
883 3497 1042 3552 mnonuuci
1064 3512 1152 3553 causa
1171 3511 1240 3565 pru-

156 3568 389 3631 praetermiserit..
716 3568 808 3618 iectus
846 3567 1029 3632 pugnantibus
1070 3575 1239 3622 occurrerat.

196 3637 236 3698 ¹8.
249 3634 275 3687 l.
310 3639 459 3698 Romanus]
480 3638 539 3689 Hoc
552 3636 676 3710 exipso·
717 3638 794 3699 Quae
812 3636 909 3689 deiude
929 3650 948 3690 ιι
967 3650 993 3689 o.
1006 3639 1041 3687 21
1065 3641 1095 3702 s.
1111 3636 1132 3690 4
1151 3650 1240 3702 usqne

156 3717 217 3756 rum
229 3719 275 3757 ore
284 3707 456 3758 trevirorum
467 3708 616 3770 proiectum
627 3718 676 3757 co·
707 3707 753 3758 ud
773 3705 853 3756 finem
863 3719 896 3774 u.
909 3703 947 3758 ul
961 3706 1083 3759 'sumtu
1102 3709 1184 3774 sunt,
1204 3718 1240 3758 eu

157 3774 224 3837 gita.
246 3776 308 3826 suis
320 3776 414 3827 verbis
424 3775 529 3828 caesor
538 3787 603 3828 raro
614 3777 679 3827 Ro·
717 3772 808 3826 omnia
825 3773 886 3825 siue
900 3773 1032 3827 caesaris
1044 3786 1132 3840 opera
1144 3783 1174 3826 et
1186 3774 1241 3828 inu-

157 3856 257 3894 mooos
275 3847 409 3914 nominat,
431 3852 461 3896 ut
475 3843 510 3912 6,
526 3848 579 3914 ³2,
601 3856 678 3898 cum·
717 3843 811 3910 perio,
834 3843 897 3895 (lum
908 3855 927 3896 a
940 3842 1053 3897 sinistro
1066 3846 1102 3895 acl
1112 3847 1242 3896 dextrum

157 3912 262 3976 pluries
275 3914 389 3966 Hirtius.
718 3911 1152 3981 cornuproiiciscitur‚veliacte
1161 3917 1242 3967 eraut

208 3981 448 4042 renuntiaverunt]
483 3979 596 4033 'cilicet
625 3993 677 4032 cx·
718 3981 993 4049 reluctantium,
1010 3980 1241 4044 puicipsstcoe-

159 4052 334 4112 spectabatur
350 4050 421 4104 donni
433 4049 535 4113 aliquio
547 4062 565 4101 a
578 4044 676 4101 l'revi-
717 4045 772 4117 rit,
796 4061 859 4100 curu
878 4050 914 4100 etl
932 4050 1058 4104 dextrum
1071 4062 1162 4104 curuo
1176 4063 1241 4116 per·

64 4157 68 4166 .
156 4117 677 4188 ris,quiepuitas·occucsarenul-
718 4115 997 4188 veuieutmponit.
1094 4141 1098 4151 ·
1183 4144 1187 4151 .
