2572 4688
127 258 176 333 oe
364 228 464 326 'nn
488 248 674 365 annno
703 248 993 358 cancico
1098 218 1104 239 '

135 464 215 531 gere
232 438 324 523 cem,
343 447 470 528 quanto
484 440 522 511 ii
535 462 610 510 oum
622 442 775 533 nemenio
786 438 925 528 iecerit,
945 447 982 509 et
995 437 1039 509 ob
1050 458 1130 508 eam
1144 436 1230 507 oiu-

25 592 27 597 .
135 552 321 620 nmquam
337 528 579 619 diupotuerit,
595 534 756 600 taonieae.
840 534 896 603 18.
924 529 1055 602 caesar
1069 528 1134 597 hau
1148 550 1229 597 ora-

137 621 229 687 tione
253 618 348 686 Lieei
372 617 633 706 Dumnorigem,
667 617 832 687 Divitiaoi
852 621 1012 703 tratrem,
1049 614 1230 705 designari

137 707 324 790 metebat,
346 706 407 773 eod
423 706 513 795 quod
526 708 682 796 pluribus
695 708 931 799 praeeuntibus
948 726 1007 773 eae
1022 726 1080 773 roe
1098 702 1231 773 iactari

137 796 293 875 nolebat,
326 795 485 863 celeriter
510 797 700 863 concilium·
716 795 880 879 dimittit,
914 794 1052 862 Liscum
1078 793 1228 859 retinett

139 883 275 973 quaerit
296 904 336 947 er
360 883 435 949 eolo
455 905 515 964 ea,
539 885 680 971 quaein
701 890 864 950 conventu
876 881 1022 951 dixerat.
1063 878 1230 948 Dicit-li·

97 970 257 1041 iterius
285 977 387 1058 atque
413 969 588 1041 audacius.
658 970 784 1037 Eadem
804 978 936 1039 cerreto
957 972 1000 1037 alr
1024 969 1103 1036 aliie
1123 976 1229 1057 qnae·
1262 982 1266 989 '

137 1060 204 1142 rit3
238 1079 276 1124 re
301 1059 368 1124 erit
387 1079 463 1123 ease
482 1079 577 1126 vera:
605 1056 722 1149 Ipsum
745 1080 821 1128 eaeo
840 1058 1104 1142 Dumnorigem,
1135 1076 1228 1123 eum-

139 1168 194 1215 ma
217 1168 260 1212 au
286 1146 375 1225 acia,
413 1166 533 1231 magna
558 1146 649 1238 apud
669 1144 802 1235 plebem
823 1153 965 1239 propter
982 1142 1228 1220 liberalitatem

140 1235 269 1322 gratia,
294 1231 453 1321 cupidum
473 1256 586 1307 rerum
606 1254 785 1301 novarum:
813 1234 999 1322 compluris
1018 1253 1126 1299 annue
1148 1251 1230 1319 por-

139 1323 230 1390 toria
248 1322 445 1410 reliquaque
460 1323 570 1390 omnia
586 1320 806 1390 Haeduorum
824 1323 1002 1408 vectigalia
1024 1341 1132 1410 parvo
1150 1338 1230 1406 pre-

141 1411 192 1477 tio
219 1409 394 1498 redempta
421 1411 563 1494 hahere,
593 1432 656 1502 pro
682 1417 774 1478 terea
801 1410 893 1498 quod
918 1411 979 1477 illo
1003 1409 1130 1474 licente
1151 1428 1231 1473 eou-

101 1490 122 1555 8
142 1502 197 1579 tro
216 1497 314 1565 liceri
336 1496 460 1565 audeat
480 1521 589 1568 nemo.
695 1500 725 1566 ie
745 1498 848 1566 rebue
865 1505 901 1565 et
919 1519 1017 1567 uuam
1036 1517 1109 1563 rem
1133 1494 1233 1562 iami—
1275 1552 1278 1581 ς

140 1576 261 1654 liorem
281 1586 415 1654 auxieee
432 1593 467 1654 et
487 1588 667 1655 facultates
688 1586 731 1653 ad
751 1584 962 1672 largiendum
983 1605 1124 1670 magnas
1140 1604 1232 1649 com-

141 1694 299 1765 paraeee3
328 1695 483 1762 magnum
506 1697 682 1742 nnmerum
704 1675 878 1763 equitetue
897 1695 960 1740 suo
983 1677 1123 1760 sumptu
1145 1692 1235 1737 eem-

141 1782 206 1853 per
237 1762 327 1828 alere
355 1770 391 1829 et
417 1762 544 1831 nircum
566 1785 605 1831 aa
626 1763 748 1829 hahere
766 1782 873 1851 neque
894 1761 1005 1829 aulum
1025 1757 1135 1837 domi,
1173 1780 1211 1824 ee

142 1848 246 1917 otiam
267 1846 358 1937 apud
381 1850 544 1919 finitimae
567 1851 722 1921 civitatee
743 1851 889 1934 largiter
914 1868 1018 1937 porea
1041 1852 1146 1933 atque
1172 1844 1236 1911 hu·

177 2021 289 2082 latretur
313 2025 343 2073 et
365 2034 440 2086 erqo.
464 2022 567 2076 Faorui
590 2023 773 2077 coniecturam
796 2022 901 2074 vetusti
923 2020 1027 2073 conteis
1049 2033 1119 2089 oue,
1149 2021 1239 2073 nteit

178 2091 315 2153 Vrsinus,
339 2091 385 2141 uei
402 2093 548 2152 protecter
566 2095 730 2159 omiserunt,
754 2101 783 2144 et
795 2093 926 2144 omissum
938 2101 983 2142 eet
999 2091 1028 2141 in
1041 2092 1102 2143 Pet.
1120 2098 1150 2141 et
1167 2092 1239 2143 lior.

178 2160 233 2209 Sed
249 2160 344 2208 merito
361 2159 481 2210 restituit
499 2162 568 2211 Ouo.
1091 2176 1094 2181 ·

216 2227 283 2292 Gap.
297 2227 339 2278 18.
357 2225 385 2285 s·
398 2230 426 2278 2.
458 2228 600 2292 redempta
638 2231 771 2281 redemta
785 2230 855 2280 oni.
1258 2289 1261 2293 ,

214 2294 307 2353 liceri]
330 2295 421 2348 licere
438 2297 522 2361 iioug.
536 2301 592 2347 An.
632 2302 668 2349 et.
684 2301 754 2351 ιον.
772 2300 844 2349 Gott.
860 2299 937 2360 Egm.
952 2305 1010 2348 tree
1022 2295 1070 2347 aiii
1085 2295 1172 2359 ond„
1190 2295 1239 2347 Dr.

181 2365 216 2414 A.
233 2365 314 2415 Vtut
333 2365 389 2414 AB.
405 2366 503 2417 liemb.
520 2366 573 2422 tin.
590 2368 675 2417 Bona.
694 2368 779 2419 Vini.
796 2369 829 2418 Ε.
846 2367 945 2418 dicere
963 2370 1006 2424 (et
1019 2367 1099 2427 paulo
1114 2373 1179 2414 anta
1192 2365 1241 2415 aii-

181 2433 279 2492 reate)
297 2434 395 2498 reliqui
413 2448 474 2485 oum
490 2436 553 2486 odd.
568 2444 633 2487 ante
648 2438 763 2500 Alium,
787 2436 834 2499 qui
850 2438 953 2487 licente
970 2448 1005 2484 ex
1022 2433 1179 2500 codicibus,
1202 2435 1242 2483 u·-

181 2502 247 2554 eeri
261 2513 328 2554 varo
344 2517 380 2555 ex
395 2505 553 2556 coniectura
569 2506 680 2556 videtur
696 2506 814 2557 deliaco.
847 2506 937 2557 licere
953 2503 1079 2553 dicuntur
1090 2516 1138 2552 ree
1152 2515 1243 2553 vena-

182 2573 242 2638 lea,
265 2584 454 2637 nunnunquam
477 2573 560 2626 etiam
576 2574 623 2637 qui
641 2578 761 2625 vendunt
777 2587 827 2626 eae
847 2584 875 2624 et
891 2574 1006 2634 pretium
1024 2574 1164 2640 statuunt,
1192 2573 1244 2623 eei

183 2641 229 2707 qui
247 2653 337 2691 emere
356 2643 454 2693 uolunt
469 2649 498 2692 et
513 2644 632 2704 pretium
648 2645 827 2712 pollicentur,
851 2642 938 2696 liceri
952 2642 1089 2692 (licuntur.

218 2709 246 2773 8.
259 2716 287 2765 a.
320 2714 442 2775 sumptu]
465 2715 566 2765 sumtu
583 2713 652 2766 om.

202 2877 271 2941 (iau.
286 2878 327 2930 18.
345 2876 407 2938 SA.
440 2875 552 2934 iactari]
568 2877 676 2930 ‚innie-
770 2878 862 2938 nemo]
888 2875 1020 2929 renueris
1033 2888 1122 2928 causa
1137 2874 1167 2926 iu
1188 2872 1245 2926 fine

152 2949 318 3010 putationem
332 2946 445 3013 venire,
463 2940 611 3014 oieittltiu,
630 2944 677 3013 itio
719 2949 853 3014 positum,
870 2955 900 2997 ut
912 2946 939 3009 5,
958 2947 1008 2997 51:
1026 2946 1084 3012 sio,
1101 2947 1136 2996 ut
1150 2947 1246 2995 ononi-

153 3019 208 3073 ttnb
222 3014 267 3082 Iter
281 3012 552 3082 beiotodttutotrbtu.
570 3016 677 3068 'Liviae
720 3031 758 3067 uo
785 3017 935 3084 paenitendi
964 3030 1053 3069 comeo
1083 3016 1244 3066 resisteret

153 3088 205 3152 38,
223 3086 273 3136 28:
295 3087 408 3137 iactato
428 3085 606 3139 sermonibus
627 3099 678 3140 reo
720 3099 812 3140 nemo.

156 3157 236 3221 apud
249 3156 405 3207 Romanoa.
773 3156 800 3215 s.
813 3158 839 3205 3.
873 3162 902 3204 at
915 3166 1062 3207 enamrem
1080 3150 1246 3203 familiarem

210 3237 263 3288 aa,
292 3227 377 3287 quae]
415 3225 442 3272 h.
464 3224 483 3274 i.
508 3223 542 3274 ie
567 3223 678 3289 eisdem,
722 3224 846 3283 auxisse]
876 3225 953 3284 Quod
972 3232 1108 3285 tamquam
1128 3222 1247 3273 aiterum

158 3305 237 3358 quaa.
279 3294 324 3343 Sic
345 3292 373 3353 s.
390 3296 423 3343 2:
451 3293 549 3346 eodem
563 3296 679 3349 secreto
722 3295 784 3343 linio
809 3292 979 3343 coniunctum
1004 3295 1064 3358 est,
1094 3291 1247 3340 facultates

156 3363 193 3417 ab
204 3362 271 3419 altit
286 3362 413 3429 qaaerit.
722 3364 758 3415 ad
776 3361 944 3425 largiendum
957 3373 1072 3423 magnas
1086 3370 1247 3420 comparas·

210 3431 236 3492 s.
250 3434 276 3481 2.
312 3433 434 3490 secreto]
460 3429 579 3482 recretis
592 3438 620 3481 et
632 3446 680 3485 rc.
724 3444 765 3495 ee,
782 3431 811 3480 in
826 3432 903 3480 dccet
915 3443 979 3482 rem
992 3429 1173 3495 familiarem
1184 3430 1212 3477 11.
1226 3428 1246 3477 i.

159 3501 241 3555 motis
260 3500 340 3564 aliie,
363 3514 398 3550 ex
417 3500 514 3564 quibus
527 3501 583 3552 iam
596 3514 681 3564 quac·
723 3513 778 3551 non
791 3507 846 3549 tam
859 3501 1001 3561 pecuniam
1016 3512 1089 3565 esee,
1103 3510 1183 3560 qoam
1196 3509 1246 3558 ap-

160 3571 268 3621 eiverat
286 3570 335 3620 vei
356 3570 625 3633 quorsumnam,
646 3582 681 3622 ue
724 3577 848 3632 paratum
862 3571 892 3618 et
902 3570 1108 3620 instrumentum
1116 3564 1248 3616 domesti-

160 3641 234 3692 torta
261 3651 296 3688 ex
320 3638 471 3702 composito
491 3639 683 3704 Dumnorigem
725 3652 804 3704 oum,
835 3630 1006 3707 beatitati,
1031 3628 1164 3703 titillare
1183 3629 1248 3691 eiiii

101 3732 105 3741 ·
162 3707 379 3762 criminarentur.
726 3703 855 3773 ridttaog.

215 3778 308 3840 inrum
327 3789 392 3828 osae
410 3776 615 3843 Dumnorigem]
643 3790 684 3829 eo.
746 3782 749 3801 ¹
780 3777 895 3839 largiter
917 3778 1015 3844 poree]
1038 3776 1081 3825 vt
1096 3785 1122 3823 e.
1137 3775 1172 3823 1³
1189 3764 1249 3830 §.t

163 3858 243 3913 mm,
268 3849 302 3897 de
321 3859 373 3910 quo
395 3849 502 3897 locutus
524 3849 683 3913 rictiacus,
726 3846 858 3898 tribuere
869 3846 994 3896 absolute
1007 3844 1124 3906 meltum
1135 3841 1250 3903 ioannem

165 3928 297 3981 quemque
315 3917 454 3981 designari
467 3917 571 3968 curaer
590 3917 684 3982 auspi·
727 3924 789 3967 otim
809 3916 938 3967 adverbio
955 3915 1159 3979 (manuopera)
1183 3918 1249 3959 cor-

164 3994 245 4049 eatue
270 3985 336 4035 eit:-
354 3998 415 4037 enm
433 3999 486 4037 nori
506 3987 604 4049 alium,
636 3987 684 4035 eeu
727 3987 848 4036 iunctum
865 3993 923 4049 eet,
942 3985 1021 4034 ita-ii.
1038 3984 1151 4045 irpoeee
1168 3978 1250 4043 idem,

163 4054 252 4116 ipsum
267 4056 458 4121 Dumnorigem
469 4068 548 4124 erae,
570 4049 684 4122 etauio
728 4055 800 4118 quoa
816 4057 934 4117 coiere,
955 4054 1103 4119 retentem
1124 4054 1188 4102 eoae
1209 4045 1250 4095 ⁰*-

166 4116 265 4183 mrii).
278 4122 319 4191 tet
335 4126 372 4180 ei.
728 4123 863 4192 galicana
888 4135 943 4178 non
962 4121 1144 4177 antecomm-
1160 4116 1251 4178 (mut
