2572 4688
138 286 207 373 12⁸
404 284 477 356 DE
500 283 682 357 nauto
712 282 963 359 GALLICO

38 475 41 487 ⁴
99 528 103 533 ·
141 474 235 546 muni
255 473 438 564 Belgarum
458 475 602 544 eoncilio
623 472 667 543 ad
690 473 727 544 il
748 474 875 545 bellum
893 458 1068 567 pollicitus
1082 474 1152 567 sit,
1172 498 1230 548 eo-

97 565 119 632 5
140 566 327 653 gnoverint.
397 561 587 633 Plurimum
609 564 700 630 inter
713 585 772 631 eos
788 563 986 633 Bellouacos
999 572 1036 631 et
1048 560 1179 635 virtute
1193 574 1230 637 et

139 652 344 725 auctoritate
364 657 401 718 et
421 652 590 718 hominum
610 673 749 719 numero
774 655 903 735 valere;
938 654 999 720 hos
1021 674 1124 742 passe
1145 676 1230 725 oou·

135 741 237 809 ficere
260 744 388 806 armata
410 742 501 806 milia
521 745 672 821 centum,
699 740 871 826 pollicitos
886 762 978 807 exeo
994 762 1136 808 numero
1156 744 1230 811 ele-

137 835 195 895 ota
221 830 415 914 sexaginta,
445 827 620 914 totiusque
644 827 727 893 he‘lli
747 828 924 915 imperium
947 828 1015 894 sibi
1033 832 1230 918 postulare.

93 921 116 982 6
137 912 338 985 Suessiones
360 936 440 982 suos
463 937 538 983 esse
559 914 736 996 finitimos3
772 916 856 981 fines
870 916 1058 984 latissimos
1080 916 1227 985 feracis·

89 1015 115 1076 ’1
136 1004 309 1090 simusque
331 1024 431 1088 agros
450 1001 638 1090 possidere.
705 1001 813 1090 Apud
833 1005 1014 1072 coaluisse
1031 1024 1148 1091 regem
1163 1027 1227 1073 uo·

95 1120 104 1167 τ
135 1097 210 1161 stra
231 1092 333 1157 etiam
355 1091 513 1157 memoria
534 1089 761 1171 Divitiacum,
783 1092 891 1158 totius
909 1091 1226 1180 Galliaepotentis·

133 1180 276 1259 simum,
303 1177 363 1267 qui
387 1200 462 1245 cnm
492 1200 630 1264 magnae
648 1178 760 1268 partis
780 1178 899 1246 harum
920 1179 1114 1265 regianum,
1146 1187 1222 1248 tum

132 1269 236 1336 etiam
253 1266 450 1334 Britanniae
466 1266 646 1356 imperium
663 1266 866 1334 obtinuerit:
901 1288 988 1335 nunc
1009 1289 1087 1336 osse
1104 1289 1222 1357 regem

137 1504 141 1511 ,
199 1445 226 1506 S.
241 1442 266 1498 ⁵.
300 1446 404 1508 electa]
427 1445 504 1498 lecto
521 1441 603 1497 milio
616 1441 1223 1507 vienn.ilav.a1d.etc.antaoai.qui

97 1564 100 1569 .
163 1512 193 1565 in
208 1516 249 1565 ad.
265 1518 280 1566 1
297 1517 378 1566 mdia
391 1517 537 1566 secundum
549 1516 631 1579 liong.
643 1515 699 1565 all.
713 1514 772 1565 Pet
785 1516 862 1578 ilgm.
877 1517 947 1567 Ilov.
960 1515 1033 1566 tiott.
1047 1520 1221 1577 etquattuor

96 1603 100 1611 ·
164 1584 235 1636 alios
250 1586 399 1636 stedine.
413 1585 661 1636 delevitetelecta
679 1597 739 1635 cum
756 1585 857 1650 „lisa
873 1591 977 1634 tantum
992 1596 1047 1637 nou
1064 1577 1220 1633 omnibus“

162 1654 290 1721 scripsit,
316 1655 344 1705 ln
362 1654 433 1705 ed.2
452 1657 545 1707 electa
561 1654 641 1705 oddo
659 1667 693 1703 ex
711 1654 770 1703 cdd.
789 1662 853 1705 ante
869 1654 969 1704 Aldum
986 1651 1113 1718 repetiit,
1144 1652 1218 1716 quod
1238 1707 1242 1717 ,

94 1784 97 1789 ,
160 1735 283 1775 meorum
299 1723 352 1775 soli
368 1723 449 1774 Goth.
468 1725 503 1774 A.
518 1724 599 1775 vind.
617 1725 649 1774 D.
667 1731 826 1787 agnoscant.
861 1723 974 1774 Iteratio
991 1734 1042 1786 per
1059 1733 1091 1771 sa
1109 1719 1220 1772 caesa-

159 1794 203 1851 ris
222 1792 409 1844 consuetudini
428 1793 498 1843 satis
515 1794 717 1845 accommodata
734 1800 793 1861 est,
817 1794 866 1842 sed
884 1791 944 1841 huic
962 1793 1022 1842 loco
1039 1791 1129 1840 minus
1147 1801 1218 1840 cou-

134 1856 140 1865 '
159 1862 238 1912 venit
254 1871 413 1926 propterea,
437 1863 506 1925 qnod
523 1863 609 1913 artius
628 1866 696 1913 ltacc
714 1874 775 1910 cum
792 1860 1029 1928 antecedentibus,
1054 1870 1134 1925 quam
1152 1871 1217 1909 cum

134 1944 141 1949 ··
160 1932 337 1994 sequentibus
363 1933 509 1981 cohaerent
531 1932 644 1994 ideoque
662 1932 774 1993 propius
788 1929 846 1981 illle
865 1930 1005 1981 admoveri
1021 1937 1050 1979 et
1065 1926 1146 1992 quasi
1163 1941 1216 1980 co-

159 2001 251 2063 pulari
268 2001 432 2063 debuerunt,
456 2000 484 2050 id
500 2002 570 2063 quod
586 2000 687 2051 omisso
702 2001 809 2050 nomine
826 2007 856 2049 et
871 1999 996 2060 imposita
1010 1998 1078 2049 illuc
1094 1997 1216 2048 redeun-

152 2069 190 2119 di
211 2070 377 2121 necessitate
398 2069 526 2119 efficium.
559 2069 672 2119 Scilicet
687 2068 781 2118 verbis
795 2068 938 2135 pollicitos
950 2090 986 2104 ·—
998 2067 1156 2134 recepistis
1172 2066 1215 2117 si-

158 2140 216 2189 mul
245 2139 399 2203 significant
426 2139 521 2204 lierni,
551 2150 605 2201 qua
629 2139 791 2189 auctoritate
815 2139 978 2189 Bellovacos
1003 2145 1110 2189 armata
1131 2135 1214 2188 milia

158 2215 268 2257 centrum
292 2205 426 2258 conticere
451 2219 532 2270 posse
556 2207 664 2258 dicant:
694 2207 769 2268 ipsos
795 2206 825 2257 in
851 2207 966 2258 concilio
988 2205 1016 2258 id
1046 2205 1212 2272 ostendisse,

158 2287 221 2326 cum
237 2289 272 2326 ex
288 2284 395 2326 centum
410 2276 514 2327 milium
530 2289 641 2327 numero
658 2278 748 2328 electa
764 2275 906 2338 sexaginta
922 2275 1038 2339 polliciti
1054 2277 1117 2327 sint.
1151 2277 1212 2327 Nec

157 2345 230 2409 fugit
255 2345 283 2394 id
307 2346 537 2413 Oudendorpium,
564 2345 663 2409 quippe
679 2347 725 2410 qni
742 2349 805 2409 post
820 2345 975 2411 sesopiata
992 2345 1100 2409 plenius
1120 2343 1212 2396 inter-

158 2414 303 2480 punxerit,
330 2427 411 2479 quam
437 2423 500 2468 ante
523 2415 686 2483 pollicitos,
716 2417 786 2479 quod
803 2417 855 2465 etsi
873 2415 1061 2467 necessarium
1077 2426 1130 2465 non
1155 2421 1210 2480 est,

157 2491 250 2537 mmen
268 2482 370 2534 rectius
388 2483 435 2548 tlt,
458 2497 538 2548 quam
556 2493 666 2551 contra,
690 2486 910 2548 quemadmodum
926 2485 1092 2534 recentiores
1109 2496 1128 2535 a
1144 2482 1211 2535 Oel-

155 2553 233 2605 lars'o
259 2553 321 2603 uide
345 2561 374 2604 et
395 2554 482 2607 Maro
506 2557 600 2606 iacere
622 2554 814 2623 instituerunt,
843 2553 937 2604 nescio
956 2557 1046 2604 utrum
1061 2553 1210 2617 pollicitos

155 2634 206 2685 pro
222 2623 365 2686 pollicitos
384 2635 446 2674 esse
463 2624 561 2677 dictum
580 2624 782 2692 existimantes,
807 2636 843 2675 an
859 2622 979 2674 enclitiei
992 2623 1049 2674 vim
1060 2623 1089 2672 in
1100 2622 1209 2677 latitet-

155 2703 211 2758 que
228 2703 281 2743 non
299 2689 456 2744 sentientes.

190 2760 267 2820 8.·6.
305 2763 374 2813 lines
394 2761 557 2825 latissimos]
579 2759 658 2814 (tarr.
680 2763 791 2814 veteres
809 2763 885 2814 codd.
903 2761 1014 2828 Vrsini,
1035 2761 1104 2824 neg.
1121 2762 1208 2821 Voss.

82 2856 86 2865 ·
153 2831 211 2882 AB.
229 2831 288 2882 Pal·
305 2832 382 2883 Leid.
400 2834 457 2884 AB.
474 2833 546 2884 Dok.
564 2832 648 2882 Dorv.
665 2831 748 2895 Bong.
766 2833 797 2883 0.
814 2832 1000 2896 Parisienses,
1019 2831 1066 2882 llr·
1079 2832 1205 2882 B.·Vrat.

152 2898 186 2951 0.
204 2898 284 2949 Goth.
301 2901 357 2950 AB.
374 2902 457 2952 vind.
472 2901 571 2952 ADlll.
589 2903 661 2953 llav.
679 2905 714 2952 A.
736 2903 794 2951 cdd.
812 2905 875 2953 aute
892 2902 954 2953 ald.
977 2899 1105 2966 fittesqate
1119 2900 1206 2950 latis-

152 2968 240 3018 simos
256 2967 339 3020 Vind.
358 2969 387 3020 G.
420 2971 452 3021 ln
469 2970 580 3034 reliquis
597 2972 676 3023 libris
695 2971 766 3021 etin
782 2973 841 3022 edd
861 2971 923 3021 Ald.
940 2978 993 3020 etc.
1023 2969 1096 3036 fines
1118 2971 1204 3021 umis-

128 3036 136 3055 ·'
154 3049 231 3104 sum,
256 3037 285 3088 in
310 3041 391 3104 Bong.
408 3040 441 3089 A.
460 3052 527 3090 vero
545 3041 627 3092 etiam
643 3041 801 3091 latissimos
824 3040 931 3090 nonnisi
947 3039 1019 3091 inter
1035 3052 1135 3090 versus
1152 3050 1205 3103 po-

152 3107 309 3169 strumosi,
336 3118 365 3158 ut
385 3111 615 3161 homoeoteleuton
637 3110 782 3169 (finitimos
794 3133 829 3145 ·-
841 3109 1008 3169 latissimos)
1029 3109 1204 3175 occasionem

151 3175 238 3226 errori
256 3176 381 3245 dedisse,
404 3189 524 3230 errorem
536 3179 630 3241 ipsum
649 3190 788 3231 corrector
804 3190 858 3228 non
876 3181 976 3244 totum,
999 3179 1048 3228 sed
1064 3177 1202 3231 dimidium

152 3243 300 3310 sustulisse
316 3245 452 3299 videatur.
485 3248 576 3298 litium
593 3247 736 3311 primorum
752 3248 947 3299 vocabulorum
963 3245 1112 3315 finitimos,
1128 3243 1203 3312 reses

151 3313 298 3364 similitudo
317 3313 345 3365 in
364 3328 450 3367 causa
467 3330 530 3367 esse
542 3317 644 3384 potuit,
661 3326 691 3368 ut
705 3319 820 3371 alterum
835 3316 1113 3379 praetermitteretur,
1131 3317 1203 3378 quod

150 3382 211 3433 cius
235 3383 352 3449 codicis,
382 3399 460 3447 quem
475 3387 563 3436 Aldus
581 3395 691 3438 secutus
709 3392 777 3454 eat,
792 3387 899 3439 scribae
914 3384 1054 3435 acciderit
1098 3383 1203 3437 contu

135 3454 202 3502 'non
221 3454 283 3502 erat
299 3465 348 3503 cnr
363 3452 435 3520 pines
451 3456 678 3523 interpolaretur,
703 3468 764 3508 cum
779 3456 935 3508 latissimos
948 3466 1037 3522 apros
1049 3453 1203 3517 possidere

147 3521 251 3571 nullam
273 3523 448 3576 offensionem
472 3526 604 3587 praebere
622 3528 724 3588 posset.
764 3526 817 3577 Sed
833 3524 904 3590 pines
920 3535 1026 3589 quoque
1042 3522 1203 3575 latissimos

147 3591 248 3652 optime
273 3592 372 3642 nabere
395 3602 500 3643 certum
524 3602 575 3643 est.
616 3593 659 3645 Gt.
679 3597 712 3660 1,
736 3597 767 3644 2:
800 3596 939 3660 aspectos
957 3606 989 3644 se
1004 3591 1077 3660 fiaes
1093 3591 1202 3644 natm
1238 3593 1245 3602 '

147 3658 380 3713 arbitrabantur.
421 3662 456 3728 8,
475 3667 509 3713 2:
533 3675 597 3713 cttm
617 3665 694 3714 latos
713 3661 785 3728 lines
807 3665 838 3714 et
856 3665 1006 3726 complura
1022 3660 1129 3727 oppida
1144 3661 1201 3714 lta·

146 3728 257 3781 terent.
297 3738 327 3779 et
344 3732 378 3781 ad
395 3732 599 3784 collocationem
616 3735 761 3784 veriorum
778 3731 839 3783 (liv.
854 3739 888 3798 3,
905 3729 955 3782 st:
979 3743 1044 3782 cam
1066 3729 1201 3785 coloret-

60 3805 64 3827 ·
146 3797 196 3848 las
213 3798 337 3866 quinque
352 3800 509 3866 paucisque
524 3801 674 3868 equitibus.
703 3802 799 3852 liisde
813 3801 907 3852 causis
922 3799 1113 3852 nonaabitavi
1125 3799 1200 3866 {lau

145 3867 307 3933 restituere,
325 3869 391 3919 licet
410 3870 589 3922 Garatoniam
601 3874 638 3930 ad
649 3871 707 3921 cic.
720 3871 802 3922 verr.
817 3874 851 3937 t,
869 3871 903 3922 ii
921 3871 964 3933 (p.
978 3865 1047 3939 aia,
1066 3871 1102 3924 17
1115 3871 1198 3931 Hal.)

145 3943 174 3985 et
191 3936 346 4000 Zumptium
363 3939 462 3991 ibidem
479 3941 605 3993 Aldinam
620 3942 763 3993 lectionem
781 3940 859 4005 sequi
875 3938 1005 3988 viderem.

162 4086 189 4148 s.
204 4089 229 4141 5.
254 4091 405 4155 pollicitos]
424 4095 476 4147 list
489 4097 631 4161 appositio.
724 4093 752 4155 s.
771 4095 799 4146 8.
845 4091 1057 4159 longissimeque
1088 4090 1212 4154 absintl‘

12 4208 17 4217 ,
111 4155 154 4207 ci.
168 4161 256 4214 adnot.
272 4162 333 4213 erit.
375 4231 381 4243 .
673 4163 750 4219 liaeo
765 4162 851 4223 verba
865 4161 1088 4231 nonacensis,
1105 4163 1197 4217 udde
