2572 4688
333 274 336 280 ·
409 253 596 355 imin.
638 275 834 353 cunm
912 279 920 299 ‘
1091 284 1157 354 ur

66 456 198 560 populo
218 466 372 538 Romano
394 465 607 560 dedidissent
625 469 838 559 patriamque
862 467 1022 536 virtutem
1044 468 1157 558 proto-

67 559 223 626 eieseut't
254 558 455 626 confirmare
479 578 555 624 sese
579 577 687 646 neque
706 559 838 644 legatos
859 554 1024 623 missuros
1047 577 1157 645 nequo
1184 578 1201 585 ··

65 647 176 713 uilem
190 644 415 713 conditionem
427 646 523 733 punis
537 652 748 734 sucepturos.
832 648 889 714 16.
917 643 1003 714 cum
1016 665 1081 730 per
1099 667 1158 711 eo-

26 740 31 744 ’
67 740 151 801 mom'
174 731 261 801 fines
286 731 437 801 triduum
460 735 529 800 iter
547 733 704 814 ieomset,
737 731 928 799 inveniebat
949 754 989 798 er
1010 732 1157 827 captivis
1193 759 1197 768 ·

139 888 208 954 §.iu
241 891 422 953 dedidissent]
446 891 593 944 dedissent
609 890 692 956 Βοῦς.
709 891 906 943 invomuit.
920 891 996 954 [lgm.
1009 890 1069 945 Pel
1083 889 1158 943 Dok.

103 961 192 1014 norv.
216 953 294 1014 nelo.
319 960 352 1013 (i.
378 962 426 1012 Dr.
444 965 478 1012 A.
496 962 578 1012 Vret.
595 960 673 1012 ABG.
691 961 771 1013 (ioth.
786 960 843 1010 ΑΒ.
859 960 957 1011 llumb.
972 961 1058 1012 Bonn.
1073 960 1158 1012 vind.

104 1029 221 1082 nonni.
237 1031 292 1083 ino.
309 1031 381 1082 ven.
398 1030 425 1081 b.
443 1039 495 1080 eto.
513 1038 577 1082 unte
593 1031 672 1096 ild,
694 1041 856 1096 perperam,
877 1037 908 1079 ut
925 1041 1008 1092 saepe
1024 1031 1158 1083 tactum

103 1099 244 1169 librariis,
269 1100 381 1164 syllelm
396 1099 508 1152 omissa.
548 1099 619 1150 nen
635 1100 710 1152 dore
725 1112 757 1150 se
770 1101 875 1164 populo
892 1099 1023 1151 ltonsonu
1039 1099 1088 1149 vel
1103 1096 1159 1150 mi·

103 1181 159 1222 uus
172 1177 234 1237 est,
256 1182 336 1234 quum
353 1171 422 1232 quod
438 1171 563 1220 fecerant
578 1169 697 1237 Belgae,
720 1163 767 1232 iret>
780 1179 816 1223 cn
830 1167 877 1223 boi
888 1164 924 1224 bt
937 1163 977 1226 93.
990 1163 1160 1234 otidlietttn

104 1242 137 1290 ut
161 1239 264 1290 salust.
288 1239 348 1303 lug.
366 1236 420 1292 75:
446 1238 602 1306 finitumis,
630 1239 680 1302 qui
697 1251 729 1291 se
743 1241 811 1301 post
825 1239 906 1304 renis
922 1240 1023 1306 fuqum
1040 1238 1160 1290 Metello

103 1308 259 1361 dederont.
282 1309 331 1358 vel
346 1307 452 1375 maius,
482 1303 529 1372 tid)
548 1307 604 1363 betti
620 1303 656 1365 bi,
671 1303 710 1365 Ἃ.
726 1303 871 1374 triburien,
898 1309 967 1370 quod
985 1307 1047 1360 unis
1064 1304 1163 1360 Remis

104 1377 250 1441 opprobrio
268 1377 328 1429 duri
345 1383 467 1440 poterut:
490 1378 671 1443 Suessiones,
696 1377 852 1443 Bellovaci,
885 1377 1011 1427 Ambiani
1027 1390 1060 1430 se
1075 1375 1173 1429 dedi--
1252 1368 1254 1379 '

104 1448 225 1498 derant.
264 1448 307 1498 Ac
328 1446 439 1511 nescio,
467 1459 503 1499 un
526 1461 562 1498 ue
582 1448 671 1498 soleat
686 1447 793 1511 quidem
810 1449 844 1496 de
861 1446 970 1509 populis
988 1448 1060 1500 bello
1076 1445 1161 1497 vietis

104 1515 241 1579 usurpurl
276 1515 382 1566 caesar
399 1517 486 1568 uenio
503 1528 534 1568 se
552 1517 624 1568 oinre
642 1522 675 1583 3,
694 1518 728 1566 19
746 1524 775 1566 et
792 1515 883 1580 quieti
904 1513 966 1566 civ.
981 1519 1014 1582 2,
1032 1512 1067 1567 14
1084 1514 1162 1582 dicit,

105 1585 136 1637 et
158 1584 205 1648 qui
226 1584 340 1636 salustii
362 1585 440 1636 loeus
462 1585 577 1636 similem
600 1585 643 1635 illi
669 1584 896 1649 significationem
916 1586 1018 1635 bebere
1040 1583 1162 1650 videtur,

105 1651 168 1704 Get.
179 1649 229 1704 45:
255 1654 421 1705 Volturcius
433 1658 627 1718 -postremo
644 1654 762 1705 timidus
780 1666 815 1705 ac
830 1652 909 1705 uitae
927 1651 1064 1722 diffidens
1081 1653 1163 1706 uelut

105 1720 237 1773 bortibus
248 1719 312 1773 ee'se
327 1722 515 1788 praetoribus
531 1725 628 1789 dedit,
650 1722 688 1773 ibi
704 1722 786 1775 dedit
801 1735 934 1786 praeseus
952 1736 1016 1772 esse
1034 1725 1133 1786 potest.

141 1790 211 1855 (iou.
224 1793 267 1841 te.
291 1790 319 1851 S.
334 1794 359 1842 1.
395 1791 525 1853 triduum]
547 1792 742 1845 trittenheim
762 1793 796 1842 A.
815 1792 866 1845 Ox.
883 1792 957 1842 lluv.
975 1793 1010 1842 A.
1023 1791 1108 1859 vind.
1125 1791 1162 1843 A.

106 1860 171 1912 Ald.
195 1867 250 1910 eto.
274 1867 338 1911 ente
362 1861 430 1912 oud.
451 1871 567 1923 exceptu
582 1864 669 1913 Vane.
694 1870 722 1910 et
739 1860 788 1912 tir.
806 1861 832 1911 b.
862 1861 992 1912 Ablutivo
1010 1860 1115 1912 Caesar
1130 1859 1162 1911 in

105 1928 209 1991 comm.
226 1929 252 1978 b.
267 1928 321 1979 eir.
341 1928 542 1992 aliquotienis
558 1931 651 1980 utitur.
672 1929 744 1980 Vide
759 1933 791 1997 1,
809 1931 842 1982 7:
866 1929 950 1980 cuius
970 1927 1163 1996 imperatoris

105 1998 198 2050 doctu
214 2010 317 2067 nouem
339 1998 425 2051 annis
441 1999 663 2064 rempublicam
680 1998 847 2066 felicissime
863 1999 1019 2066 qesserint.
1052 2000 1093 2063 11).
1107 1996 1162 2053 46:

106 2066 161 2118 boc
183 2078 249 2118 cunt
269 2070 345 2119 estet
367 2069 450 2120 mocio
470 2071 631 2136 puqnotum
653 2069 836 2120 continenter
853 2067 935 2118 boris
954 2069 1089 2135 quinque.
1123 2067 1161 2118 ib.

106 2134 159 2188 cr:
183 2137 307 2203 quod-
320 2138 445 2203 quinque
468 2138 549 2190 boris
569 2136 714 2204 proelium
735 2137 950 2189 sustinuissent.
985 2141 1019 2206 3,
1036 2138 1088 2189 ts:
1112 2134 1164 2203 qui

106 2206 306 2272 principatum
322 2207 353 2258 in
370 2207 492 2260 ciuitate
508 2208 608 2259 multis
627 2208 712 2260 onnia
729 2207 904 2259 obtinuerat.
946 2208 1039 2271 Neque
1056 2208 1086 2258 ld
1102 2207 1164 2257 sirie

106 2275 224 2329 ratione.
257 2277 328 2327 lium
344 2278 414 2340 quod
430 2290 462 2328 re
479 2291 530 2328 seu
544 2275 650 2329 notione
667 2278 759 2340 aliquo
771 2277 1046 2344 conficiturtempus,
1063 2288 1166 2333 neem

106 2344 270 2397 sensilem
286 2352 347 2415 est,
368 2346 399 2397 in
413 2360 466 2409 quo
481 2359 528 2396 res
546 2360 596 2397 seu
613 2345 686 2398 notio
708 2346 755 2412 iit,
778 2355 807 2397 et
824 2346 869 2408 qui
883 2346 984 2397 triduo
1001 2346 1054 2396 iter
1068 2347 1165 2399 faeere
1232 2386 1239 2401 1

107 2412 225 2480 dicitnr,
254 2413 280 2464 is
301 2422 330 2464 et
352 2414 440 2478 primo
464 2422 491 2466 et
517 2418 634 2467 seeundo
657 2422 686 2465 et
709 2415 791 2468 tertio
808 2415 852 2465 die
868 2416 962 2466 lacere
985 2416 1164 2480 significetur.

107 2483 161 2534 Sed
179 2484 247 2534 illud
263 2483 396 2535 intertum
409 2483 587 2549 relinquitur,
610 2492 700 2534 utrum
717 2485 782 2534 totis
795 2485 889 2535 diebus
904 2486 932 2533 in
945 2484 1042 2535 itinere
1056 2485 1110 2553 sit,
1127 2495 1165 2537 an

105 2561 214 2616 purum
233 2553 315 2603 unius
334 2552 485 2604 alteriusve
504 2552 560 2603 diei
578 2553 662 2616 quieti
684 2556 738 2604 det.
773 2555 860 2614 Quem
875 2551 1065 2606 dubitationem
1078 2567 1164 2605 ectu-

107 2622 217 2673 setivur
230 2622 315 2673 noivit
327 2630 355 2673 et
372 2636 449 2673 omne
463 2631 568 2685 tempus
582 2623 680 2673 itinere
695 2622 814 2672 consumi
829 2622 941 2672 indicet.
974 2624 1069 2687 Neque
1082 2623 1165 2675 aliter

106 2689 215 2744 Caesar
232 2690 290 2742 illis
309 2692 405 2743 diebus
424 2692 533 2742 videtur
553 2691 655 2742 iecisse
674 2691 787 2755 ideoque
802 2691 1006 2757 accusetivum,
1030 2704 1083 2755 quo
1095 2695 1127 2760 1,
1145 2694 1166 2743 d

105 2758 183 2883 ἐῶ,
206 2764 241 2812 26
259 2758 568 2832 S·i,i,ds.2et7
587 2759 738 2830 sicini,
755 2757 792 2817 lo
816 2773 884 2812 usus
904 2767 966 2827 est,
989 2763 1017 2814 lt
1036 2763 1057 2814 l.
1080 2773 1165 2826 pret·

175 2841 217 2882 se.
979 2876 986 2890 ,

125 2984 154 3049 8.
165 2984 192 3040 5.
217 2985 412 3050 proiecissent]
436 2984 558 3040 Gravius
572 2993 601 3037 et
644 2986 676 3037 11
694 2981 790 3037 tridui
801 2982 927 3051 spatium
940 2983 1088 3047 dicentem)
1102 2983 1165 3038 tri·

74 3056 302 3115 contumeliosius
314 3057 504 3126 enuntianti,
522 3055 599 3107 cuius
643 3056 731 3107 riuum
741 3055 801 3106 iter
814 3057 916 3124 facere
927 3055 1052 3121 ambigue
1061 3055 1164 3110 dictum

74 3127 243 3177 contrariom
262 3133 306 3175 ent
324 3125 482 3192 pristinam
501 3127 601 3180 uirtu-
642 3125 733 3178 videri
754 3125 842 3175 debet.
876 3127 930 3176 Sed
951 3126 1049 3190 quibus
1068 3127 1165 3180 verbis

74 3197 134 3250 tem
147 3193 328 3264 retineret,
347 3194 390 3247 48.
643 3195 717 3247 Livii
735 3196 786 3263 27,
811 3191 847 3245 24
871 3193 927 3246 istu
944 3195 1039 3248 nititur
1059 3195 1163 3264 opinio,

129 3267 210 3324 sese]
227 3267 262 3317 ed
274 3264 415 3317 missuros
425 3272 454 3317 et
463 3264 601 3332 occeptu-
642 3277 678 3316 eu
690 3263 771 3316 aliter
781 3265 984 3327 interpretanda
996 3271 1024 3316 et
1037 3260 1103 3317 cum
1115 3278 1166 3317 se·

29 3346 32 3351 ·
75 3342 128 3388 ros
150 3335 338 3401 referendum,
368 3337 403 3387 ud
422 3334 599 3402 confirmare
640 3336 728 3386 natue
741 3333 907 3386 biduumod
920 3334 1166 3387 comideronduus

77 3412 185 3472 nutem,
207 3406 429 3468 quemadmodum
447 3409 482 3457 ed
499 3406 600 3457 incre·
640 3407 757 3471 peteret
779 3405 891 3471 temptor
909 3403 950 3456 tto
967 3404 1165 3468 appositionem
1224 3444 1227 3449 .

77 3472 195 3543 pltare,
218 3473 355 3526 incusare
373 3479 401 3526 et
421 3476 540 3538 reliquos
555 3475 599 3525 in·
641 3477 836 3537 habereque),
853 3473 1164 3525 uthociiermunlcumt

78 3544 218 3614 finitivus,
231 3556 279 3596 eos
292 3545 501 3596 subaudiendum
514 3544 567 3594 est.
642 3542 685 3599 ets
705 3542 749 3598 bet
769 3540 862 3601 &tuot
881 3539 928 3608 fieb
945 3537 1006 3611 eloti
1019 3538 1095 3610 Zone
1108 3539 1164 3602 ffitt

130 3613 202 3677 cup.
223 3615 267 3664 16.
291 3612 319 3674 S.
341 3617 366 3664 1.
407 3615 525 3666 triduum
546 3612 601 3663 iter
643 3605 754 3682 intincti
773 3609 878 3668 uutbot.
913 3615 972 3666 Neo
989 3615 1077 3679 magis
1094 3625 1165 3664 nen·

43 3730 46 3734 .
78 3679 209 3745 ieclsmt]
233 3683 264 3733 sl
280 3693 377 3734 verum
395 3691 440 3733 est
457 3685 527 3748 quod
540 3679 602 3745 qui·
642 3685 687 3734 tre
706 3685 771 3745 illu,
794 3690 826 3733 ut
847 3681 1019 3736 substantiva
1033 3682 1166 3734 videren-
1229 3731 1231 3737 ,

79 3751 321 3818 demoniorum,
349 3751 602 3818 nominandum,
644 3760 706 3821 tur,
732 3754 920 3816 supplemento
942 3753 1033 3815 aliquo
1057 3750 1170 3822 indige-¹
1200 3768 1204 3776 ¹
1228 3761 1235 3781 i

79 3822 230 3887 meum,
256 3820 446 3888 quatriduum
464 3822 602 3874 ediectivu
643 3823 724 3886 bont,
765 3833 845 3886 quem
873 3822 1027 3874 mustoline
1059 3821 1165 3890 lituus,

80 3891 168 3943 tuisse
194 3902 282 3954 neque
309 3891 392 3942 ulitur
412 3890 608 3943 substantive*
642 3893 788 3958 carduus,
812 3899 860 3944 out
873 3889 1030 3944 femininum
1046 3893 1164 3943 noctua.

80 3971 141 4012 rum
156 3958 262 4022 instar
289 3958 383 4013 baberi
412 3961 599 4029 consuevisse,
642 3962 764 4024 Denique
781 3963 893 4013 eandem
912 3961 1046 4014 rationem
1063 3960 1164 4013 hubent

81 4028 134 4080 nisi
147 4036 179 4080 ut
196 4031 309 4096 tempus
325 4030 515 4081 subaudiretur
539 4030 600 4095 (qui
642 4031 750 4084 uomina
764 4029 922 4100 birnnturq,
938 4028 1107 4082 triennium.

82 4097 209 4163 matium
226 4099 350 4162 suppleri
367 4099 475 4152 solitum
495 4102 601 4168 putant,
694 4099 849 4152 inveniebat
875 4115 911 4153 ex
936 4097 1069 4163 tenuris]
1102 4098 1164 4150 Eoo

81 4165 229 4223 coement
246 4175 440 4236 munguentem
456 4170 555 4223 hubent
572 4167 600 4240 l,
643 4167 683 4223 ite
698 4167 799 4224 dictum
818 4171 878 4238 tet,
908 4177 939 4223 ut
963 4178 1109 4236 quaerere
1128 4180 1164 4222 ex
