2572 4688
149 270 197 345 ³⁰
331 290 334 295 ’
412 265 486 339 ntt
511 265 693 340 batto
721 262 976 341 cantico

200 460 572 538 importator-anorum,
592 457 653 540 ita,
674 456 864 547 utisupra3
892 456 953 525 soti
967 458 1002 525 in
1017 452 1240 548 summoiogo

151 479 240 645 aas
256 545 427 632 icgiones,
450 567 542 651 guas
560 546 731 652 inbialiia
751 546 909 651 citeriore
922 550 1075 633 proxime
1091 551 1240 617 conscri-

152 639 301 789 {alib
315 640 483 810 libbi
503 635 1241 793 {titillabit„imbibit

153 810 293 877 terrici
312 830 388 874 sum
411 810 454 877 ab
472 809 545 890 bis,
573 810 633 897 qui
652 810 689 875 iu
707 810 884 898 superiora
908 811 980 876 acie
1002 810 1243 895 constiterant,

112 896 134 960 8
155 898 280 965 muniri
300 896 416 964 iussit.
485 894 637 965 Helvetii
656 918 732 964 cum
750 896 905 963 omnibns
918 899 992 965 suis
1004 898 1113 967 carris
1130 901 1241 968 secuti

150 985 381 1075 inpedimenta
400 985 435 1050 in
455 1004 558 1050 uuum
577 987 688 1051 locum
710 988 942 1066 contulerunt,
974 986 1044 1073 ipsi
1061 986 1241 1055 confertis·

150 1076 238 1142 simo
259 1072 330 1138 acis
352 1072 478 1138 raiacto
500 1078 617 1139 nostro
632 1072 785 1161 equitatu
799 1074 966 1164 phalange
980 1076 1070 1141 iacta
1086 1072 1154 1142 sult
1166 1077 1241 1165 pri·

150 1182 238 1228 snam
253 1160 403 1228 nostram
417 1160 521 1226 aciem
537 1167 783 1229 successerunt.
817 1180 822 1187 ·
863 1162 919 1231 2⁵.
949 1159 1239 1253 Gaesarprimum

148 1270 234 1332 suo,
262 1244 383 1315 deinde
404 1248 552 1317 omnium
571 1253 815 1338 sx=conspcctu
834 1248 977 1329 remotis
991 1251 1109 1339 equis,
1129 1256 1171 1319 ut
1183 1272 1239 1319 ac·

214 1391 270 1454 ita,
284 1389 326 1444 nti
339 1404 438 1455 supra;
460 1392 509 1444 sei
521 1416 559 1429 -
570 1391 708 1445 conlocari
723 1405 756 1445 ac
764 1391 937 1457 -compleri
948 1392 990 1454 et]
1006 1392 1092 1459 long.
1102 1392 1139 1445 A.
1152 1394 1238 1447 Voss.

180 1461 239 1513 AG.
252 1462 311 1513 Pet.
325 1464 402 1527 agn.
416 1462 492 1515 coto:
503 1462 555 1515 vr.
570 1463 606 1514 A.
623 1462 683 1530 ita,
699 1462 745 1514 cti
757 1474 850 1529 cupra
860 1475 894 1515 oe
908 1488 942 1503 -
952 1460 1138 1531 conlocaret,
1153 1476 1191 1517 oc
1204 1490 1239 1503 -

180 1530 337 1597 compleri,
358 1533 389 1585 st
407 1531 477 1586 oud.
497 1544 559 1584 cum
579 1546 632 1584 uuo
649 1527 778 1584 Leibanoi
797 1532 900 1603 cotlicc.
924 1532 984 1601 ita,
1000 1533 1239 1599 ulisupraoc-

178 1602 337 1655 collocaret
345 1601 602 1666 oc-oompleret5
614 1603 688 1654 Scal.
702 1609 730 1652 et
743 1616 817 1667 seqq.
829 1603 962 1665 usquead
975 1601 1044 1654 Outi.
1057 1610 1087 1652 et
1097 1603 1237 1675 postona.

179 1670 362 1733 lttbcrliugtus
376 1672 523 1723 secuudum
537 1670 659 1724 ciaconii
671 1671 805 1736 codicem,
828 1671 857 1722 in
869 1682 920 1734 quo
933 1680 1020 1722 tamen
1035 1673 1106 1735 apud
1120 1672 1237 1737 lauger-

178 1750 307 1793 manuum
317 1741 463 1806 impleret,
477 1742 706 1805 noncomplerat,
723 1740 854 1803 scriptum
868 1753 931 1789 csse
944 1739 1052 1792 cicitur.
1076 1742 1149 1791 Anco
1160 1742 1236 1793 scal.

180 1816 242 1862 crat
253 1808 316 1876 lta,
334 1810 379 1862 uti
393 1822 485 1874 cupro
496 1810 729 1862 re-collocorlt
740 1809 984 1874 otc-compserit,
1001 1810 1152 1871 protectum
1166 1811 1237 1861 illul

179 1878 216 1933 ab
227 1878 314 1944 Alio,
331 1881 382 1932 boo
396 1893 413 1931 a
425 1880 475 1931 Gr.
487 1892 515 1931 a.
540 1880 643 1938 (Attus
656 1878 819 1945 compulerit,
836 1880 867 1931 el
879 1878 1015 1938 deberat.)
1038 1880 1152 1931 Priores
1163 1880 1236 1932 Alio

180 1948 243 1999 edi.
261 1960 324 1999 cum
343 1948 456 2011 reliquis
476 1949 553 1998 codol.
571 1948 710 2011 plerisque
724 1948 785 2017 bu,
802 1948 849 2001 uti
865 1947 1167 2011 (novocomum.)
1183 1963 1235 2001 so-

177 2028 326 2083 proac-
340 2013 477 2068 collocari
494 2029 578 2068 oc-
591 2017 731 2081 compteri
749 2018 779 2068 et
798 2016 942 2084 exhibent,
963 2018 1033 2081 quod
1053 2030 1116 2069 cum
1136 2028 1235 2070 corru-

178 2092 254 2151 ptum
267 2097 330 2134 esso
344 2092 498 2150 appareret,
516 2095 566 2149 pro
578 2083 623 2137 ito
634 2086 680 2137 oti
692 2087 775 2149 Boug.
789 2083 820 2136 G.
833 2086 881 2137 Dr.
894 2086 925 2135 Β.
933 2084 1015 2135 Vini.
1028 2084 1099 2137 cil.
1112 2093 1142 2138 ct
1153 2087 1235 2140 Goth.

163 2156 216 2207 n.
235 2154 335 2219 itaqua
355 2155 539 2221 scripserunt,
561 2153 642 2205 Viud.
657 2154 702 2205 cl.
713 2163 858 2217 praeterea
868 2153 947 2206 iubet
961 2162 1022 2217 post
1033 2156 1171 2207 collocari
1182 2159 1234 2209 atl-

178 2222 321 2290 diierunt',
345 2222 373 2275 in
386 2222 470 2275 vind.
481 2222 516 2272 Α.
531 2231 621 2274 autem
639 2231 700 2286 post
714 2222 852 2289 compleri
873 2237 899 2274 a.
913 2237 950 2276 m.
964 2235 987 2274 s.
1006 2226 1097 2277 callet
1114 2238 1233 2291 superpo

178 2290 345 2355 adscriptum
364 2300 415 2342 est.
448 2290 606 2344 Lectioncm
621 2304 638 2343 a
650 2292 727 2343 nobis
739 2291 988 2343 vetustissimorum
1000 2294 1123 2345 codicum
1135 2298 1234 2347 aucto-

176 2362 260 2415 ritate
278 2369 414 2423 receptam
435 2361 504 2413 oud.
523 2360 723 2427 improbabat,
740 2369 772 2412 ut
784 2363 843 2431 ito,
859 2360 906 2412 cti
922 2373 1015 2427 sopra
1035 2374 1070 2413 ex
1082 2377 1107 2414 c.
1121 2366 1156 2415 22
1173 2362 1232 2425 §.2

176 2428 371 2493 interpolatum
381 2429 561 2481 existimaret.
583 2430 648 2497 ‚Sed
659 2443 752 2495 capro
767 2443 816 2492 pro
831 2433 919 2483 antea
932 2430 1037 2483 Cacsar
1053 2434 1082 2483 et
1102 2434 1152 2487 alli
1169 2446 1233 2485 com

176 2498 273 2551 verbis
289 2498 488 2551 demonstrandi
502 2511 585 2562 saepe
596 2509 713 2562 ponunt:
736 2498 828 2565 quidni
843 2500 926 2551 semel
942 2500 1001 2551 sinc
1016 2498 1149 2553 eittsmoci
1163 2514 1233 2553 ver·

177 2567 212 2621 bo
233 2563 375 2632 posuerit?
408 2569 444 2621 Et
458 2570 528 2635 quoti
541 2572 575 2619 dc
593 2569 643 2621 illa
656 2570 798 2633 superiore
811 2568 988 2621 instructione
999 2582 1023 2620 c.
1038 2574 1073 2622 22
1092 2570 1148 2630 Sa
1163 2570 1232 2623 nibil

176 2635 414 2704 commemoravit,
432 2639 512 2699 plane
524 2651 577 2689 sua
588 2640 780 2691 consuetudine
795 2639 838 2689 bic
852 2639 962 2703 supplet
976 2646 1056 2702 atquc
1072 2639 1155 2691 etlam
1174 2646 1233 2692 tum

176 2706 315 2773 triplicem
332 2706 421 2760 aciem
435 2708 570 2773 legionum
583 2712 710 2773 quattuor
723 2710 807 2769 (duas
820 2707 891 2758 euim
900 2708 1023 2772 reliquas
1035 2720 1095 2758 cum
1108 2707 1233 2773 Labieno

177 2776 333 2837 dimiserat)
349 2790 368 2829 a
381 2790 412 2827 sc
423 2775 585 2830 instructam
595 2778 683 2829 luisse
697 2780 785 2828 docet.
819 2779 896 2839 Quoi
908 2775 934 2827 si
946 2777 1033 2829 verba
1043 2776 1104 2843 ito,
1120 2779 1166 2830 cti
1179 2793 1232 2830 aa·

177 2859 236 2913 pra
256 2847 285 2896 in
304 2847 394 2910 aliquo
417 2847 509 2897 codice
527 2846 583 2905 §.1
603 2850 665 2911 post
676 2846 808 2897 traducit
825 2847 917 2908 posita
929 2848 1037 2909 esseut,
1062 2846 1152 2910 magis
1164 2860 1232 2910 pro-

176 2914 277 2969 babilis
291 2925 365 2966 essct
375 2916 445 2966 Oui.
458 2915 585 2977 suspicio.
619 2916 711 2978 Neque
724 2928 790 2966 vero
803 2924 945 2975 propterca
956 2915 1045 2964 minus
1057 2923 1122 2977 apta
1133 2920 1232 2970 nostra

176 2985 261 3037 lectio
282 2993 342 3046 esc,
363 2985 433 3047 quod
445 2984 550 3035 caesar
562 2984 766 3047 duastlegioucs
780 2983 868 3043 potius
881 2982 941 3045 ipsc
956 2984 1124 3050 collocasse,
1148 3000 1231 3048 quam

178 3053 311 3105 collocari
330 3052 446 3103 iussisse
462 3051 597 3104 videatur.
630 3054 700 3104 Nam
713 3053 806 3102 codem
818 3053 896 3102 modo
909 3052 945 3117 7,
954 3051 991 3104 70
1007 3055 1126 3117 paulum
1137 3055 1231 3122 lepto-

93 3154 96 3159 2
177 3136 230 3175 aas
243 3122 368 3187 Cacsar,
384 3132 459 3186 ,quaa
468 3133 526 3185 pro
538 3123 617 3173 collo
632 3120 845 3186 constituerat,
861 3122 1031 3186 promoveri
1042 3123 1135 3189 motet,
1158 3134 1188 3174 sc
1202 3124 1231 3193 5,

146 3223 150 3232 ι
177 3194 213 3244 11
230 3188 355 3254 opicum
368 3191 584 3256 abbonemque
598 3192 736 3244 reuocari
748 3194 836 3258 atque
848 3191 957 3243 minem
967 3192 1114 3248 ¹cleriricos
1124 3193 1214 3248 iacob
1272 3252 1281 3263 ,-

124 3260 127 3264 ’
209 3258 239 3320 s.
251 3262 278 3309 a.
311 3260 505 3323 inpedimenta]
528 3261 611 3326 song.
623 3264 659 3314 Δ.
671 3263 756 3314 voss.
768 3263 803 3314 A.
813 3271 868 3313 non
879 3261 948 3327 imp.

197 3378 225 3441 s.
244 3381 270 3430 a
312 3380 412 3442 secuti]
443 3379 502 3433 lico
530 3381 568 3431 att
596 3379 666 3437 illuc
707 3380 801 3435 bcmla¹
814 3393 906 3445 pugna
925 3379 1061 3435 Arlovisti
1080 3383 1230 3439 secuuium

143 3456 250 3514 tempus
264 3451 380 3516 spectat,
397 3461 457 3499 com
472 3446 665 3512 primumcum·
707 3464 733 3503 c.
745 3451 779 3503 52
802 3451 878 3501 ilcit.
911 3452 1074 3505 Plutarchus
1095 3470 1230 3507 συνασπι-

144 3530 194 3573 sar
212 3530 278 3571 suos
296 3520 332 3570 ab
346 3517 443 3569 itincre
457 3518 583 3571 Bibracte
597 3532 664 3573 con-
707 3514 779 3585 opio
797 3526 882 3571 vocab
903 3521 976 3573 ilar.
996 3535 1022 3573 c.
1040 3524 1092 3586 20,
1126 3524 1174 3574 ubi
1195 3524 1229 3573 ia

143 3600 229 3643 ,verso
241 3588 269 3641 iu
280 3590 379 3641 collem
393 3588 566 3641 subduxerat.
706 3589 854 3640 Teutonum
869 3603 960 3655 pugna
970 3593 1104 3643 adversus
1109 3591 1231 3645 Manum

196 3660 330 3724 phalange
342 3658 432 3719 meta]
450 3655 606 3709 (icc-mi
618 3655 664 3709 52.
707 3654 791 3707 simili
818 3657 881 3708 buta
910 3661 1098 3713 Helvetiorum
1130 3663 1228 3714 relcrt.

144 3726 269 3780 Phalanx
294 3727 404 3790 propria
430 3728 491 3777 erat
511 3729 662 3780 Germano-
704 3725 835 3777 numanis
854 3728 970 3780 lectudo
989 3743 1024 3779 ex
1039 3742 1125 3794 eoque
1138 3730 1227 3781 serio·

143 3808 220 3866 rom,
252 3797 387 3861 aquibus
408 3795 533 3847 llelvetii
557 3795 663 3846 ‹ildice-
704 3793 780 3847 ribus
793 3796 918 3864 Graccis,
934 3806 965 3849 uo
974 3799 1091 3852 Aeliam
1104 3800 1231 3869 baetico,

143 3867 222 3917 rant:
253 3866 369 3919 aliorum
391 3866 543 3921 (italiorum¹
557 3864 662 3918 Caesar
702 3859 804 3931 χελώνη
818 3865 971 3920 dicabatur.

141 3928 275 3999 nusquam
288 3936 448 4001 pbalangem
460 3942 660 3986 commemorat.
754 3932 822 3997 cap.
830 3933 874 3986 25.
893 3935 920 3996 s.
935 3938 960 3987 1.
983 3933 1079 3986 deiude
1092 3934 1226 3999 omnium]

141 4002 209 4055 llrac
229 4003 299 4056 acici
318 4017 405 4069 genus
432 4004 660 4057 confertissimum
702 3998 749 4066 qui
770 4010 880 4067 propter
899 4003 1058 4069 dignitatum
1075 4016 1146 4068 aquo
1162 4016 1226 4057 uce-

139 4078 170 4122 cc
183 4084 262 4125 scuta
276 4073 660 4137 supercapltaconccxtabc-
702 4072 817 4139 banton
846 4083 914 4136 quos
936 4068 1037 4127 ἱππέας
1058 4069 1110 4123 roi
1134 4070 1227 4129 otton

138 4140 235 4242 babet,
252 4150 283 4196 ut
294 4144 410 4199 orosius
421 4146 440 4196 c
447 4174 458 4210 ,
473 4144 492 4197 7
508 4143 538 4197 io
550 4140 659 4201 cosmi·
701 4140 843 4206 appeltam
855 4142 967 4195 viccttu
979 4140 1032 4196 Dio
1050 4140 1166 4197 cacans
1177 4140 1224 4210 42,
