2572 4688
407 252 512 330 usn.
541 259 571 332 1.
614 257 734 334 car.
759 216 843 331 us..
981 328 984 335 Δ
1105 266 1151 335 cr

57 447 90 517 ei
112 449 291 554 praeterea
313 467 409 514 nemo
429 454 610 539 sequatur,
640 454 752 517 tamen
776 471 814 517 se
833 470 908 516 eum
926 450 1000 516 sola
1020 447 1152 520 decima

56 537 351 623 legionensium,
373 535 415 602 de
433 559 501 625 qua
516 559 582 605 non
598 536 799 619 dubitamu-
809 537 942 625 sibique
958 558 1032 605 eam
1051 546 1151 629 prae-¹

57 625 185 691 teriam
209 624 380 691 cohortem
406 624 571 698 futuram.
619 623 710 705 Huic
737 626 864 713 legioni
892 623 1019 692 Caesar
1040 632 1077 692 et
1092 628 1150 693 in·
1189 668 1196 683 ·

58 711 217 779 dulcoret
229 712 410 802 praecipue
423 719 459 779 ct
469 721 611 802 propter
622 713 781 779 virtutem
795 711 984 780 confidebat
998 715 1153 785 maxime.

161 802 222 867 41.
253 799 329 866 Hae
348 799 500 867 oratione
519 800 636 868 habita
655 799 776 868 minum
797 801 832 868 iu
857 799 992 867 modum
1013 800 1154 870 conver·

59 887 392 955 caesareensium
415 895 564 969 mentes,
595 910 792 976 summaque
814 888 975 954 alacritas
1000 895 1036 954 et
1057 911 1098 956 cu
1124 889 1154 957 i:

59 973 154 1042 ditas
177 974 263 1043 belli
289 975 427 1061 gerendi
446 977 563 1042 innata
589 981 660 1058 est3
695 981 923 1065 princepsque
945 974 1076 1043 decima
1099 912 1154 1045 ie·

57 1063 118 1149 gio
147 1084 209 1152 pop
237 1064 393 1157 tribunos
420 1064 567 1157 militum
597 1067 631 1129 ci
659 1065 788 1152 gnatius
802 1065 899 1150 ‘egit3
933 1062 1025 1216 qnod
1048 1062 1091 1161 dp
1112 1085 1152 1132 se

59 1149 227 1241 optimum
254 1149 417 1218 indicium
443 1152 601 1232 iecisset,
632 1171 735 1239 seque
765 1172 842 1220 esse
869 1149 913 1217 ad
965 1152 1069 1217 cllum
1093 1173 1152 1239 gc·

56 1237 204 1305 rendum
240 1238 492 1325 paratissimam
526 1238 748 1308 confirmavit.
824 1235 965 1313 ¹Deinde
998 1234 1197 1324 reliquae2

57 1326 213 1410 legiones
245 1346 320 1394 oum
353 1325 501 1396 tribunis
535 1326 680 1391 militum
715 1333 751 1393 et
779 1325 965 1415 primorum
993 1324 1153 1393 ordinum

57 1408 317 1509 centurionibus
335 1421 494 1501 egerunt,
517 1412 570 1479 uti
591 1411 733 1481 Caesari
748 1413 1003 1480 satisfacerent:
1032 1434 1072 1481 sc
1087 1424 1155 1482 'nec
1233 1500 1235 1505 Ι

73 1564 201 1623 ¹(iont'itt
225 1567 286 1621 civ.
305 1572 339 1638 2,
362 1568 414 1622 tl:
446 1573 496 1639 qut
520 1574 574 1626 cot
594 1573 695 1639 qrcttu
711 1573 765 1623 oct
780 1567 986 1622 misericordia
1009 1568 1155 1623 calerent·
1252 1600 1260 1611 ι

93 1638 200 1702 ltaque
220 1640 346 1709 cosdem,
370 1652 439 1708 quos
455 1642 485 1693 in
501 1642 640 1710 proximu,
664 1642 810 1704 eademque
828 1639 862 1690 dc
879 1650 966 1691 causa
983 1640 1092 1691 codices
1108 1650 1157 1691 ee-

93 1710 178 1759 outus
194 1720 264 1758 snm.
1121 1712 1125 1721 ‘

127 1777 200 1841 ,cap
214 1777 258 1829 ll.
282 1776 308 1838 s.
322 1779 349 1828 2.
389 1790 452 1829 cnm
470 1777 586 1832 tribunis
602 1778 717 1842 militnm
739 1784 767 1827 et
779 1799 816 1813 -
828 1773 1048 1837 centurionibus]
1071 1775 1159 1840 brug.

96 1847 159 1899 AB.
179 1844 213 1911 Ν.
234 1845 294 1897 l’et.
315 1845 376 1898 Pal.
396 1847 467 1897 ch.
487 1848 580 1916 Gott,
598 1848 713 1913 quinque
726 1846 774 1898 alii
789 1846 878 1905 oud,
896 1846 954 1896 cod.
968 1843 1090 1910 Brantii,
1108 1846 1159 1897 Dr.

96 1917 133 1967 A.
158 1912 199 1974 (is
212 1915 313 1968 tribus
331 1915 543 1980 protrabunt)
566 1919 645 1970 Vrat.
659 1915 736 1967 ABG.
760 1914 842 1966 Goth.
861 1916 892 1964 B.
912 1904 1159 1966 nauseando.

95 1984 181 2036 Vind.
201 1982 281 2036 nnn.
301 1984 362 2034 edd.
384 1994 447 2037 ante
462 1987 533 2038 ven.
547 1987 570 2040 i.
583 1988 665 2038 etiam
677 1986 731 2037 inc.
744 1993 773 2035 et
788 1986 867 2035 Turr.
883 1995 940 2050 per
955 1983 1087 2035 tribuum
1100 1983 1160 2035 alt·

95 2053 184 2107 etrum
202 2054 232 2105 et
243 2079 277 2092 -
291 2054 477 2106 centuriones
502 2056 576 2107 liar.
588 2056 622 2105 A.
639 2053 737 2118 reliqui
751 2054 829 2104 codd.
844 2060 873 2103 et
887 2053 962 2118 edd,
980 2055 1050 2116 quod
1065 2051 1091 2102 sl
1104 2054 1160 2103 v'c-

94 2134 159 2175 rum
180 2128 239 2190 est,
262 2134 351 2189 apere
367 2123 407 2172 sic
422 2125 628 2190 intelligendum
644 2132 703 2190 est,
726 2126 756 2173 nt
769 2125 801 2189 8,
821 2122 871 2243 {22
893 2121 924 2172 id
936 2121 984 2189 uqt
993 2118 1158 2186 paucorum

98 2190 244 2258 comate,
267 2192 497 2259 utjnterpositc
518 2196 636 2250 senatus
655 2192 820 2246 auctoretas
855 2191 952 2256 utiquc
964 2194 1053 2255 purte
1066 2202 1160 2243 emer-

97 2261 176 2314 eitcs
195 2261 389 2325 spatiaretur,
422 2258 476 2317 &ie
495 2258 624 2320 betriebcu
642 2263 671 2318 ct
692 2258 768 2325 burda
791 2256 834 2316 bic
849 2256 989 2319 tribuum
1004 2287 1040 2298 -
1053 2258 1103 2328 tut
1123 2255 1159 2327 t'te

97 2326 138 2387 bei
155 2322 239 2395 &iot
253 2325 478 2398 &ttidtttibiquaq
493 2325 600 2394 idtbtc.
636 2334 671 2382 Se
701 2331 802 2382 tribuni
816 2331 843 2380 et
855 2331 1043 2399 centuriones,
1060 2340 1090 2381 ut
1109 2332 1160 2380 be-

92 2413 134 2452 ·ne
151 2399 255 2451 monuit
274 2395 431 2464 scisceret,¹
449 2400 503 2463 ipsi
520 2413 675 2466 peccavero
704 2400 731 2471 “p
743 2411 831 2462 neque
847 2409 933 2451 censa
946 2407 1022 2465 erat,
1046 2412 1097 2462 cur
1108 2392 1184 2463 per'·

97 2471 149 2520 bos
169 2468 341 2531 potissimum
355 2470 383 2519 id
397 2478 519 2532 agerent.
555 2471 670 2521 Accedit
682 2469 752 2532 quod
766 2467 811 2531 qui
824 2479 886 2518 eam
901 2467 1066 2531 scripturam
1079 2468 1162 2519 exhi*

97 2539 164 2589 benc
176 2537 304 2603 codices,
320 2545 382 2601 post
395 2538 441 2590 cett
454 2541 555 2590 addunt
566 2552 626 2605 per
636 2550 700 2600 coc,
713 2536 781 2603 (οι.
795 2538 879 2587 voss.
892 2539 926 2587 A.
938 2538 1021 2600 Bcng·
1031 2536 1067 2588 'G.
1078 2535 1164 2591 Iseid.t

98 2610 134 2659 A.
148 2607 222 2658 Duk.
238 2608 311 2658 ilar.
325 2608 359 2655 A.
373 2609 422 2659 Dr.
436 2607 466 2656 b.
478 2609 559 2660 Goth.
571 2611 606 2658 A.
619 2607 703 2658 Vind.
716 2602 814 2665 ΑΘΕ.)
837 2608 908 2668 qnod
924 2606 1076 2656 consistere
1085 2604 1162 2673 -oum'

96 2677 150 2728 illa
169 2676 271 2738 nequit.
304 2675 401 2739 ltaque
415 2679 531 2729 alteram
543 2676 676 2740 praetuli,
699 2675 728 2724 in
742 2686 796 2738 qua
808 2675 1008 2742 susceperunt
1026 2675 1161 2738 supplen-

98 2747 164 2797 dum
172 2753 220 2795 est
231 2747 370 2812 roqcutes
384 2757 434 2796 een
446 2747 611 2799 hortantes.
645 2743 752 2796 Etenim
764 2745 849 2806 pudor
863 2752 891 2794 ct
904 2741 1074 2795 conscicntia
1091 2756 1164 2806 pec-r

99 2813 158 2866 cati
177 2816 245 2881 bos,
270 2814 430 2877 quibuscum
450 2816 583 2884 agebant,
607 2813 776 2879 deterrebat,
799 2820 831 2862 ut
850 2813 965 2878 rogandi
984 2814 1013 2863 et
1032 2810 1161 2865 hortandi

99 2890 196 2935 essent
214 2884 319 2934 adrem
334 2883 547 2947 suscipiendam.
582 2887 676 2947 Neque
690 2892 757 2931 vero
770 2894 840 2945 opus
855 2890 940 2933 estut
952 2885 1004 2932 boc
1018 2880 1165 2946 scriptura·

99 2954 218 3017 probata
227 2962 282 3016 per
296 2964 345 3004 eos
356 2953 521 3019 recipietur,
538 2956 610 3017 qnod
623 2953 691 3003 ond.
702 2950 856 3002 faciendum
869 2951 998 3017 putabam
1014 2962 1067 3014 qno
1082 2950 1163 3002 lacto

99 3034 199 3076 rursus
213 3022 316 3072 nullam
329 3023 452 3073 codicum
464 3025 654 3074 auctoritatem
671 3021 847 3086 laberemu13
882 3023 930 3071 sed
946 3020 1159 3087 satisfacerent

100 3093 137 3143 ad
148 3090 272 3141 tribunos
284 3098 312 3140 et
325 3091 497 3142 centuriones
508 3093 695 3157 referendam,
713 3101 825 3154 quorum
833 3090 992 3142 satisfactio
1006 3091 1087 3141 simul
1101 3089 1161 3140 mi·

100 3161 179 3211 litum
199 3159 356 3211 satisfactio
378 3161 471 3212 lutura
489 3163 558 3212 erat.
593 3163 634 3212 Ea
648 3170 733 3226 vero,
758 3170 827 3221 qnae
845 3166 1011 3224 sequuntur,
1035 3160 1164 3210 tribunos-

100 3232 131 3281 et
142 3226 316 3280 centuriones
332 3231 365 3279 de
381 3230 621 3292 reportaretque
635 3227 750 3291 deipsis
764 3228 855 3279 dicere
867 3228 984 3280 Caesari
995 3229 1134 3281 iubebant.
1159 3254 1162 3259 ·

108 3314 112 3321 ·
134 3300 203 3359 nec]
233 3297 384 3364 „plerique
404 3300 479 3349 MSS.
497 3307 525 3349 et
544 3300 611 3348 Edd.
629 3293 725 3349 vett.“
748 3297 832 3361 Boug.
851 3298 909 3350 AB.
931 3298 991 3349 Pet.
1009 3298 1071 3350 Pal.
1088 3300 1159 3350 lscv.

100 3367 175 3421 Gott.
192 3369 271 3432 Egm.
288 3368 336 3420 Dr·
348 3370 385 3421 A.
400 3370 480 3421 Vrot.
496 3367 575 3420 abc.
588 3368 668 3420 Goth.
682 3367 713 3417 B.
727 3367 824 3418 llamb.
839 3367 892 3419 tiu.
905 3366 990 3420 Boon.
1005 3367 1087 3420 vind
1102 3368 1161 3419 BD.

66 3503 195 3558 scribam
208 3503 271 3572 tibi,
287 3518 327 3555 au
341 3503 412 3557 baec
424 3512 477 3557 etc.
512 3507 593 3556 Alex.
687 3504 852 3565 indulserat]
879 3503 908 3555 in
927 3505 1024 3556 bonam
1041 3512 1163 3572 partem,-

65 3576 118 3629 70:
136 3574 164 3625 si
173 3587 247 3645 quae
255 3575 454 3642 cousecratur,
467 3586 595 3640 reprce-
637 3584 667 3626 nt
679 3577 714 3642 7,
732 3572 784 3624 lo:
804 3574 880 3640 quod
893 3585 1007 3640 seraper
1021 3575 1160 3627 Haeduo-

65 3646 242 3696 teutoturus
257 3647 342 3696 esset.
634 3656 704 3696 rum
721 3643 838 3696 civitati
853 3644 1013 3709 praecipue
1028 3645 1160 3696 indutae-

120 3712 215 3774 81⁵·
256 3712 420 3775 praetoriam
440 3713 591 3774 cohortem]
633 3716 694 3765 rct-
728 3714 806 3766 llaec
826 3725 894 3765 vero
913 3726 1011 3764 recens
1031 3716 1093 3783 erat
1112 3712 1159 3765 m·-

65 3781 104 3833 ll.
117 3785 138 3836 1.
156 3785 240 3844 plane
260 3784 408 3845 respondet
427 3781 591 3833 Germanico
633 3783 773 3847 dulgentia
785 3780 881 3834 virtuti
892 3781 1011 3849 legionis
1023 3781 1080 3836 iam
1092 3794 1159 3848 spe-

66 3845 222 3916 ssttbttctbt.
255 3851 331 3902 Alibi
345 3850 426 3903 amici
440 3858 591 3914 pracmrem
633 3855 726 3905 etatae
739 3853 850 3904 tributa.
1096 3871 1100 3879 ·

66 3919 99 3971 ln
111 3922 214 3972 bellum
234 3917 323 3971 temti
341 3920 472 3972 cobortes
483 3921 590 3973 nonme
684 3921 751 3984 cop.
765 3920 809 3973 41.
827 3919 854 3982 S.
868 3921 895 3970 2.
919 3918 1066 3983 primorum
1079 3918 1156 3971 ordl-

66 3986 277 4053 signidcantnrq
301 3992 335 4041 de
349 4002 403 4054 quc
416 3989 592 4054 ambignitate
633 3993 712 4049 num]
738 3988 782 4041 Gi.
797 3990 833 4042 ad
845 4002 870 4040 c.
882 3987 921 4041 to
938 3989 988 4050 §.1
1006 3990 1155 4054 adscripta.

66 4057 262 4121 combutionis
278 4060 317 4110 cl.
334 4058 497 4122 interpretes
509 4058 591 4112 (ticc-
687 4059 896 4120 satisfacerent]
923 4058 1157 4128 „Satisfecimus

66 4128 143 4181 nonis
157 4129 243 4181 verr.
257 4127 293 4198 1,
310 4126 346 4197 14
360 4143 388 4195 p.
401 4129 559 4194 tlt-lieep.
635 4128 682 4182 vel
696 4128 808 4183 verbis:
827 4130 933 4184 murm
951 4140 1013 4182 esee
1033 4123 1155 4195 nuum.
