2572 4688
21 274 50 312 ἃ
124 260 192 331 sio
334 253 459 335 ,Dii
484 250 665 323 BELLO
693 253 961 327 Gannico·

80 450 260 527 esaeiae,
293 440 340 513 si
363 443 548 511 exercitum
568 443 807 534 proficiscitur.
878 444 929 512 Eo
951 464 1026 512 cum
1049 447 1192 528 venisset,
1232 504 1234 509 .

80 536 102 599 ὃ
123 556 181 613 ea,
207 553 295 619 quae
313 532 387 598 iore
405 532 598 620 suspicatus
617 539 711 613 erat,
738 534 827 600 facta
841 534 1016 618 cognovit:
1081 535 1191 604 misses
1231 540 1234 561 ¹

122 621 310 705 legationes
332 619 375 685 ab
398 619 567 685 nonnullis
583 619 777 687 civitatibus
792 618 834 686 ad
851 619 1055 700 Germanos,
1083 624 1192 690 iuvita·

121 716 243 796 tueque
260 729 340 788 eos,
366 707 417 773 uti
436 708 478 771 ab
496 706 613 772 Rheno
633 707 866 788 discederent,
895 709 1092 795 omniaque,
1119 733 1192 800 quae

79 792 102 858 4
121 797 370 886 postulassent,
395 793 438 860 ah
454 817 491 860 se
507 795 579 862 toro
596 803 725 884 perata.
796 795 874 884 Qua
889 817 950 884 spe
964 796 1105 864 adducti
1120 799 1194 867 Ger·

97 1003 101 1011 ‚
187 974 256 1037 §.in
288 974 324 1024 eis
347 968 498 1030 nonnuliis]
517 985 547 1023 >e
570 970 718 1022 nonnullis
734 969 818 1023 Vind.
835 973 894 1023 All.
912 974 985 1024 liar.
1008 975 1043 1025 Δ.
1062 976 1123 1025 edd.
1140 983 1192 1027 nnn

152 1045 221 1098 (luti.
239 1049 356 1105 excepte
371 1041 441 1090 Veu.
459 1040 480 1090 i.
498 1048 526 1088 ec
543 1041 611 1092 oud.
626 1045 652 1092 2.
677 1042 710 1091 ln
727 1042 798 1091 eds
818 1043 967 1093 secuudum
989 1045 1094 1106 „ilisa
1110 1056 1192 1096 onnes

152 1118 181 1165 et
204 1106 284 1163 iuc.“
308 1113 368 1169 (cx.
385 1109 465 1161 Febr.
484 1107 557 1160 Gon.
574 1110 661 1162 Voss.
678 1111 714 1160 Δ.
731 1111 808 1173 itgm.
824 1110 893 1159 Lov.
917 1113 953 1162 ai
968 1113 1099 1163 exhibere
1115 1121 1193 1164 teste-

152 1189 215 1240 tur)
229 1181 262 1232 cl
279 1193 309 1232 n.
326 1179 446 1229 dederet.
479 1177 900 1243 Ci.adn.cr‚ed²,148.3.
933 1180 1025 1232 litium
1042 1183 1192 1244 paulopost

152 1267 173 1304 a
194 1253 289 1302 iiircnc
311 1246 341 1298 iu
364 1245 445 1298 Vind.
468 1249 502 1299 Α.
519 1246 589 1300 Vsu.
607 1247 629 1298 t.
649 1255 678 1298 et
694 1260 714 1299 a
729 1260 760 1297 ec
776 1247 805 1299 in
822 1248 904 1299 vind.
921 1250 981 1300 All.
999 1252 1029 1301 ct
1052 1252 1115 1303 cdd.
1138 1261 1191 1302 ante

151 1318 263 1372 Veni.
281 1319 379 1366 exstat.
1158 1353 1168 1362 ,

49 1390 58 1400 ”
77 1392 80 1397 “
187 1387 344 1448 omniaque,
362 1385 447 1447 quae]
471 1381 567 1435 omnia
582 1395 710 1448 quaeque
727 1379 861 1448 „dissui
878 1385 937 1434 Pet.
954 1387 1026 1436 ιον.
1043 1398 1103 1436 sec.
1119 1387 1191 1438 [isin

152 1458 212 1508 cod.
230 1457 320 1506 Erant
339 1454 386 1503 Dr.
403 1457 438 1503 A.
456 1454 535 1505 Vrnt·
553 1453 631 1504 ABG.
651 1453 747 1503 iiamh.
766 1452 844 1504 Goth.
862 1455 917 1505 An.
933 1456 1017 1506 vind.
1030 1456 1064 1506 Δ.
1079 1457 1149 1507 llev.
1163 1458 1192 1505 Δ.

152 1525 248 1578 omnia
264 1534 372 1588 queque
386 1534 447 1573 cum
462 1535 482 1572 a
498 1534 580 1583 super
592 1521 677 1583 priori
693 1534 709 1572 e
723 1521 796 1572 (ictu
810 1523 894 1573 voss.
907 1526 941 1575 A.
955 1524 1033 1587 ligm
1048 1538 1106 1574 sec.
1119 1526 1192 1576 iisir.

150 1594 303 1660 ornniaque
326 1593 372 1641 Dr.
396 1592 427 1642 ii.
458 1591 554 1641 omnia
575 1603 648 1655 quae
670 1591 734 1642 VV.
758 1590 813 1642 CC.
830 1592 896 1643 Vrs.
914 1592 942 1641 in
959 1593 1024 1644 Not.
1051 1594 1086 1644 id
1106 1597 1190 1644 Morus

151 1667 235 1716 etiam
258 1677 294 1712 ex
311 1661 474 1726 coniectura¹
493 1663 569 1718 (nem
589 1658 682 1710 Vrsini
698 1659 828 1711 librorum
846 1660 1039 1712 auomrimcem
1056 1662 1126 1713 oud.
1146 1675 1191 1712 nou

152 1733 425 1785 commemoraverat)
450 1730 630 1790 reponendum
654 1730 799 1795 censebat,
830 1740 882 1791 quo
905 1730 981 1780 facto
997 1733 1087 1782 oratio
1104 1732 1191 1781 similis

151 1805 183 1855 iit
199 1802 240 1852 iiii
258 1800 319 1851 civ.
335 1802 368 1863 1,
387 1798 424 1848 74
445 1801 537 1864 apsent
551 1798 666 1863 pretias
684 1809 779 1849 omnes
797 1798 940 1867 omnibus,
963 1800 1041 1864 poad
1059 1800 1114 1852 sibi
1127 1813 1191 1866 per·

39 1900 41 1904 ⁷
150 1871 270 1925 territis
289 1868 386 1933 pridie
401 1868 615 1931 pepercissent:
639 1879 740 1919 eorum
756 1880 787 1919 se
803 1866 935 1932 beneflcio
951 1869 1065 1920 oioere.
1092 1870 1121 1920 in
1138 1871 1190 1934 qui-

150 1944 203 1992 bus
220 1948 284 1991 autc
300 1950 402 1988 eornm
419 1937 629 1988 subaudiendum
645 1943 688 1986 est
699 1936 835 1988 dieentes.
858 1939 912 2001 sed
925 1949 1013 2001 neque
1027 1939 1068 1989 ibi
1083 1953 1191 1991 eorum·

152 2023 225 2077 que,
248 2009 318 2069 quod
335 2004 363 2055 iu
380 2016 432 2055 uno
450 2007 543 2055 codice
557 2013 616 2068 est,
640 2004 818 2067 supplementi
834 2006 921 2056 instar
937 2007 1061 2059 adhibita
1078 2011 1191 2060 ciusdem

149 2077 230 2130 verbi
246 2076 335 2126 forme
346 2074 531 2135 superioribus
545 2074 724 2124 conveniente
738 2073 865 2125 vitiosum
880 2083 970 2140 esset,
994 2081 1022 2128 ct
1034 2090 1061 2128 e.
1077 2078 1113 2129 86
1130 2082 1192 2131 hoec

60 2171 62 2177 ·
149 2151 293 2211 leguntur:
317 2154 386 2194 uoce
404 2144 434 2194 et
450 2142 577 2192 racanas
593 2142 725 2194 universi
735 2167 770 2180 -
781 2141 948 2209 sipniptficare
963 2151 1141 2214 coeperunt,
1161 2151 1191 2199 ut

150 2216 253 2269 statim
267 2212 505 2277 dimitterentur,
527 2224 617 2275 neque
634 2213 712 2262 omni
726 2211 900 2276 interposita
915 2211 973 2279 tide
996 2213 1117 2280 piraeum
1136 2231 1192 2270 esse

150 2298 249 2352 posse,
277 2282 304 2332 si
327 2281 360 2331 in
380 2281 462 2331 aliud
479 2282 590 2345 tempus
605 2280 790 2346 differretur.
822 2294 933 2347 quorum
950 2284 987 2334 ed
1004 2288 1113 2336 modum
1131 2290 1191 2339 isaeo

149 2361 244 2406 nostra
267 2352 292 2402 si
314 2350 441 2414 redigere
465 2351 551 2412 veiis,
579 2358 655 2399 recte
675 2350 833 2417 tepetiones
849 2352 952 2403 missae
958 2385 968 2419 ,
991 2357 1027 2405 ut
1043 2357 1080 2406 ab
1095 2357 1192 2408 Rheno

148 2422 349 2485 discederent,
372 2431 464 2483 neque
483 2418 691 2485 attudeorum,
714 2432 787 2482 qnae
802 2424 1016 2489 postulassent,
1033 2426 1070 2475 ao
1081 2439 1112 2476 se
1124 2430 1188 2494 fare

146 2495 286 2559 paratum
308 2488 441 2551 posueris.
475 2490 693 2552 Atqueprorsus
707 2488 762 2556 its,
786 2492 816 2540 ut
834 2489 893 2555 iiic,
924 2491 1057 2553 scriptum
1076 2505 1120 2545 est
1135 2498 1191 2546 Ais.

147 2576 173 2613 o.
196 2557 539 2625 acquiesceremus,
564 2556 700 2622 polliceri
723 2558 906 2621 fronteriam
928 2565 1112 2628 paratosque
1135 2579 1192 2617 esse

147 2644 222 2699 quae
239 2628 426 2691 imperasset,
450 2629 561 2692 facere.
595 2639 645 2675 nec
661 2625 742 2695 aliter
759 2627 820 2676 civ.
837 2630 870 2694 1,
886 2631 921 2679 69
937 2642 972 2680 ac
988 2632 1089 2694 primo
1102 2636 1192 2702 Afra-

77 2720 79 2725 ·
147 2699 230 2754 niani
246 2698 392 2749 arilites-
397 2695 612 2760 procurrebant
626 2695 892 2761 contumeliosisque
909 2700 1024 2751 cambus
1036 2715 1192 2768 proseque-

146 2771 271 2833 bantur,
295 2779 348 2818 nec
371 2779 430 2816 non
452 2763 611 2817 necessarii
626 2764 722 2817 stetu
739 2766 835 2828 inopia
852 2771 968 2820 coactos
986 2771 1094 2836 rupere
1109 2778 1192 2839 atoue

146 2830 185 2893 ad
204 2837 331 2890 ilerdam
347 2835 469 2887 reverti.
503 2833 630 2887 Ceterum
649 2833 799 2900 omniaque
815 2847 889 2902 quae
904 2837 934 2889 in
953 2840 1052 2892 omnia
1069 2855 1192 2910 quaeqae

144 2909 302 2972 corruptum
317 2905 388 2960 redit
405 2907 438 2967 ti,
455 2905 489 2955 19
504 2901 531 2966 ς
545 2900 572 2955 4.

161 3082 195 3133 ed
215 3077 364 3132 exercitum
383 3074 577 3140 proficiscitur]
601 3074 629 3127 in
669 3078 777 3129 Mede.
789 3077 837 3128 Gr.
846 3078 873 3128 b.
886 3091 938 3130 nec
950 3078 1121 3146 improbante
1133 3084 1192 3136 Sin.

110 3150 231 3205 hibernis
246 3150 479 3210 ita‘coiiocacum,
501 3150 531 3199 ut
543 3150 576 3212 3,
593 3149 629 3196 29
672 3159 737 3197 cero
757 3150 875 3213 iactum,
899 3147 983 3201 incidi
1000 3153 1116 3216 primum
1134 3155 1192 3216 ipse

109 3222 308 3283 scriptumest.
337 3219 431 3280 ipsum
444 3229 511 3266 vero
525 3216 629 3267 Gaesa-
672 3219 1102 3289 verborumcollocetioostendir,
1115 3236 1190 3287 qnam
1229 3231 1232 3236 ’

109 3304 168 3343 rem
190 3301 259 3338 nnnc
279 3289 383 3337 demum
405 3286 552 3346 accipimus
576 3297 628 3334 nou
671 3287 803 3349 scriptor,
821 3287 845 3335 si
863 3291 912 3337 noc
927 3291 1080 3357 voluisset,
1097 3293 1138 3346 its
1150 3293 1191 3342 in·

109 3355 238 3411 unacum
251 3356 371 3406 exercitu
384 3354 561 3420 hibernense,
579 3355 628 3405 sed
672 3354 821 3419 elicuisset,
840 3365 868 3408 ut
883 3358 908 3422 1,
924 3355 958 3407 ³4
975 3359 1001 3419 s.
1017 3362 1032 3410 1
1052 3359 1103 3426 qut
1112 3359 1148 3412 ap
1159 3374 1190 3412 ω

22 3437 27 3447 ·
110 3429 278 3482 discessisse
299 3426 333 3476 ab
353 3437 388 3476 co
408 3436 494 3486 esque
513 3437 542 3474 re
562 3435 627 3472 con·
669 3426 856 3487 postularent
881 3433 909 3474 et
927 3427 962 3476 ib.
985 3427 1019 3478 35
1044 3428 1071 3490 s.
1087 3433 1105 3481 2
1121 3431 1190 3485 pm

109 3497 280 3550 metudinem
296 3495 428 3557 quandam
444 3506 519 3545 suem
534 3493 628 3542 obser·
670 3505 732 3545 esse
745 3494 862 3558 quaeat
873 3506 905 3544 eo
913 3498 1091 3567 postularet.
1107 3492 1191 3554 min.

109 3578 213 3632 vesee,
237 3575 307 3626 quae
324 3561 479 3613 accuratius
492 3562 628 3622 descripta
671 3563 704 3611 de
719 3564 779 3625 pius
794 3563 963 3628 pollicentur,
981 3568 1005 3617 ei
1019 3582 1091 3632 quae
1104 3570 1188 3621 mni.

109 3633 201 3697 esti,
216 3634 232 3682 1
251 3631 278 3692 8.
294 3633 309 3680 1
328 3631 474 3683 discedens
485 3630 519 3682 ab
531 3630 627 3681 liler-
670 3643 705 3681 uo
728 3633 911 3695 postulassem
929 3635 1077 3706 Germani,
1099 3650 1134 3689 ee
1156 3639 1188 3689 ab

109 3704 158 3758 nis
169 3703 276 3753 caesor
291 3699 322 3749 in
333 3701 464 3766 Italiam,
488 3703 523 3754 ut
542 3701 627 3766 puot-
670 3712 702 3749 se
717 3709 812 3761 perata
832 3703 891 3751 fore
911 3704 1088 3767 pollicentur,
1110 3721 1187 3770 quam

110 3773 196 3826 annis
213 3773 313 3837 facere
324 3773 498 3837 consuerat,
521 3773 546 3819 ir.
559 3782 585 3820 e.
598 3768 627 3818 in
671 3766 696 3817 si
708 3782 777 3830 quae
793 3783 811 3820 a
824 3783 856 3819 se
870 3780 973 3823 mutum
993 3778 1187 3836 postulassent,

17 3886 21 3903 ,
111 3842 230 3894 Gallieni
249 3838 420 3902 citeriorem,
443 3851 510 3901 quoe
524 3837 549 3887 ei
563 3849 627 3899 prc-
670 3838 801 3889 Poteram
814 3840 994 3909 frumentum,
1011 3856 1106 3911 erma,
1123 3847 1187 3897 sup.

20 3960 22 3965 ⁴
50 3932 54 3939 ·
110 3909 205 3961 vincia
231 3908 311 3958 simui
331 3921 393 3956 com
413 3907 494 3958 tertia
512 3905 628 3972 illyrico
670 3906 740 3957 sidia
753 3920 806 3957 non
826 3909 860 3959 ab
881 3923 936 3961 uua
949 3912 1076 3964 aioeravc
1090 3916 1187 3967 civita·

109 3979 269 4032 demandata
281 3979 351 4025 erat.
671 3984 721 4040 te,
739 3978 788 4026 sed
801 3977 907 4028 omniuo
926 3988 955 4030 ec
971 3983 1125 4034 adeersum
1140 3998 1187 4034 nu-

163 4047 190 4106 S·
210 4048 236 4094 ³·
284 4046 319 4092 ab
344 4045 389 4103 ⁵0]
417 4041 530 4103 nemius
553 4052 628 4109 aute,
670 4058 772 4096 merum
800 4048 954 4108 postulare:
984 4063 1018 4100 ca
1036 4053 1128 4105 omnia
1148 4053 1186 4102 iffl

43 4118 53 4129 “’
112 4129 191 4187 quem
211 4119 273 4182 pust
296 4115 381 4181 neec,
407 4120 439 4168 ut
458 4113 486 4168 iu
505 4114 582 4169 iton.
601 4127 627 4168 a·
669 4115 1135 4189 messuaqnecperatorepsrors
1146 4122 1185 4174 sp.
