2572 4688
408 254 516 328 arb.
540 254 573 333 Ι.
612 253 733 331 ool.
756 260 804 333 id
1105 262 1152 337 ot

61 439 176 511 clinem
197 439 380 527 silvarum,
407 466 496 598 puae
513 445 676 552 intereos
691 453 793 537 atque
808 445 1022 555 infloratum
1043 446 1150 517 inier-

61 530 694 726 „tt'ii‘titibttittbtir
718 533 1049 691 ''itttdibti
1061 558 1192 693 itit

62 729 135 813 eurr
158 706 419 814 renuntiabant,
448 730 524 776 cum
544 715 658 815 casua
676 710 804 815 moveri
816 730 856 778 ac
868 710 1061 798 signaierri
1073 711 1149 779 ius-

62 801 196 879 sisset,
207 817 274 862 non
287 795 363 863 iore
375 793 467 863 druto
479 795 656 865 audientes
672 799 799 865 milites
816 819 925 887 neque
944 804 1085 889 propter
1101 799 1148 867 ti

61 902 190 953 morsm
208 884 306 971 signa
324 884 472 953 laturos.
551 887 610 955 to.
636 881 731 952 Haec
749 906 825 952 cnm
842 883 1149 971 animadvertisset,

61 975 246 1040 convocato
273 969 416 1039 cousiiio
437 969 650 1063 omniumque
670 970 824 1043 ordinum
846 972 891 1041 ad
911 971 949 1043 id
967 974 1146 1046 consilium

93 1126 394 1199 mptbudinemeea,
407 1128 438 1185 iu
448 1129 549 1187 llamb.
564 1131 596 1184 et
606 1130 884 1202 mapottatidineque
898 1130 1013 1195 (omisso
1024 1129 1147 1200 proximo

94 1202 186 1269 qaae)
201 1198 310 1265 legitur.
324 1201 487 1277 ,namucno
498 1198 542 1255 bio
554 1211 608 1253 uon
621 1203 682 1254 erat
692 1203 779 1255 loeus.

130 1280 203 1331 quae
219 1266 292 1320 luter
309 1280 362 1321 eos
378 1276 462 1334 arpos
474 1269 644 1323 Ariovmtum
660 1270 874 1332 intercederent]
898 1281 972 1338 quoe
982 1266 1148 1327 mecede-

94 1339 168 1391 rent
182 1336 263 1389 ieter
277 1336 355 1403 meus
364 1340 457 1405 storto
464 1336 647 1392 Ariovistum
660 1340 728 1392 (led.
744 1341 846 1406 „lese
859 1342 983 1392 veterum
995 1342 1148 1403 plerorum-

94 1417 150 1471 que
170 1408 199 1457 et
216 1406 373 1477 ilditionulur
387 1407 547 1472 priscarum!
563 1408 759 1463 anctoritate-‘⁶
800 1408 870 1460 Sunt
888 1410 948 1460 iere
965 1409 1047 1461 iidem
1064 1413 1148 1474 mune

94 1474 218 1543 eudem,
235 1474 332 1541 quibus
344 1477 469 1540 copulam
481 1484 546 1529 ante
558 1478 783 1545 empcttaamem
794 1477 976 1531 omittentibus
987 1478 1147 1544 obsequium

93 1544 269 1610 negavimus.
300 1542 415 1596 Accedit
434 1546 504 1609 quod
518 1546 567 1597 Dr.
580 1549 631 1615 m,
647 1547 694 1612 qul
706 1548 848 1611 praelatae
861 1546 896 1598 ab
909 1546 977 1598 ond.
991 1546 1146 1610 scripturae

94 1615 222 1686 asertor
231 1626 285 1666 uon
296 1616 505 1667 contemnendus
518 1622 578 1683 est,
598 1615 678 1669 inter
690 1615 915 1682 praepositionem
933 1614 1031 1668 omittit
1047 1620 1077 1668 et
1097 1627 1147 1679 pro

93 1684 186 1749 duae
203 1683 313 1735 exhibet
329 1685 452 1755 et‚,.pua
469 1697 502 1736 rc
521 1685 672 1738 auctoritas
692 1685 753 1738 eius
773 1687 802 1736 b.
816 1686 838 1735 l.
849 1683 987 1738 minuitur.
1019 1685 1097 1745 Quod
1110 1684 1147 1736 ad

70 1818 74 1825 Ι
92 1750 227 1823 iudicium
246 1748 280 1804 de'
298 1742 533 1825 ippistcripturie
546 1754 682 1823 pertinet,
702 1754 782 1821 ipsos
793 1753 891 1807 meiius
903 1755 962 1822 cst,
980 1752 1005 1805 si
1016 1752 1147 1807 interce-

70 1820 204 1885 ‚rierent
222 1814 391 1895 praecessit,
413 1832 467 1889 quo
485 1824 560 1875 lacto
579 1825 614 1876 ad
631 1824 851 1893 aequabilitatem
870 1822 986 1887 partium
1009 1834 1077 1885 opus
1101 1829 1148 1875 eso

91 1892 227 1957 graviore
244 1892 439 1963 ponders,.ne
454 1893 664 1963 additamentum
683 1893 841 1958 languidum
859 1900 888 1944 et
905 1892 994 1945 debile
1013 1893 1067 1958 site
1101 1889 1147 1944 siu

93 1961 212 2013 verbum
226 1969 289 2025 post
307 1960 488 2029 Ariouistum
501 1961 617 2026 positum
628 1966 690 2029 est,
711 1976 761 2018 eos
774 1964 844 2039 bene
854 1962 946 2015 babet.
978 1961 1043 2025 ipse
1055 1962 1148 2013 antem

90 2029 176 2082 verbi
190 2031 269 2082 locus
280 2033 344 2096 post
353 2031 409 2084 Ar.
420 2031 508 2097 magis
519 2031 637 2085 usitatm
649 2035 702 2085 cst.
735 2033 795 2085 lloc
809 2043 876 2083 sanc
888 2030 918 2082 in
929 2036 1069 2095 numque
1081 2042 1149 2094 par-

92 2102 151 2154 tem
164 2099 285 2153 adhiberi
297 2108 404 2170 potest,
420 2114 481 2153 oum
494 2102 523 2154 et
535 2100 694 2165 scriptorem
706 2107 828 2154 statuere
840 2100 924 2153 liceat
937 2101 1080 2165 evulgari
1093 2111 1148 2152 usu

89 2169 226 2227 recedere
238 2172 377 2238 noluisse,
392 2172 422 2233 et
434 2171 561 2224 librarios
573 2171 704 2223 credibile
718 2171 754 2221 sit
768 2168 896 2224 asianus
909 2168 1044 2221 intulisse·
1077 2169 1147 2221 locm

93 2239 122 2290 si
142 2248 263 2292 errorem
280 2240 369 2293 solum
386 2240 413 2289 b.
424 2241 445 2295 l.
456 2248 600 2293 versatum
613 2254 676 2293 esse
688 2248 831 2308 putamus,
854 2236 916 2306 pari
931 2239 1009 2290 modo
1023 2237 1085 2291 deri
1095 2249 1147 2302 po-

93 2307 165 2375 tuit,
195 2315 226 2359 nt
253 2320 302 2375 pro
320 2309 521 2379 praepositione
540 2311 652 2361 verbum
671 2317 805 2374 ponerent
822 2316 904 2372 atquc
920 2314 951 2359 ut
969 2308 1048 2362 verbi
1066 2316 1147 2371 parte

91 2376 180 2442 priori
198 2376 302 2441 scripta
313 2379 348 2431 ad
367 2388 512 2440 pronomen
525 2380 685 2431 aberrarent
696 2387 726 2429 et
737 2379 832 2429 deinde
847 2378 959 2430 verbum
969 2376 1105 2442 integrum
1116 2376 1147 2433 in

91 2447 151 2497 dne
164 2446 323 2499 autemut.
350 2446 601 2513 smirnamum,
619 2447 759 2512 curiproa
771 2446 860 2498 ineos
872 2445 1049 2500 mutaverint.
1074 2447 1147 2498 Nam

90 2516 179 2567 mum
198 2516 349 2579 postposito
369 2516 454 2569 verbo
470 2516 548 2581 ὄρεσι
569 2516 715 2580 displicere
727 2528 781 2568 uon
794 2517 912 2577 poterat.
943 2514 1047 2568 contra
1059 2513 1085 2566 si
1096 2527 1147 2569 ses

91 2596 113 2637 a
130 2583 253 2637 Caesare
270 2592 331 2652 est,
349 2584 379 2636 id
392 2586 547 2649 praeposito
560 2599 610 2649 per
621 2596 741 2637 errorem
752 2585 838 2638 verbo
851 2585 880 2637 in
891 2586 969 2652 ipsos
980 2582 1081 2637 mutari
1092 2596 1146 2635 ne-

92 2666 177 2705 cesse
197 2660 266 2705 erat.
300 2657 359 2706 lioc
374 2662 507 2706 momento
519 2655 554 2707 ad
570 2666 620 2719 ea,
643 2665 713 2718 qnae
729 2663 815 2716 supra
828 2655 955 2720 exposita
966 2661 1047 2717 suut,
1062 2663 1147 2704 aoce-

91 2725 176 2775 dente
189 2724 315 2775 Aldiuam
328 2723 507 2792 scripturam,
519 2736 594 2787 ¹<protae
605 2723 634 2775 in
646 2724 696 2774 Dr.
707 2722 738 2772 B.
750 2721 834 2777 vind.
847 2727 883 2776 A.
894 2732 922 2776 et
935 2729 1013 2787 parte
1024 2722 1145 2785 reliquo-

91 2806 155 2844 rum
184 2793 307 2844 codicum
331 2801 437 2860 exstet,
466 2792 709 2856 oudendorpianac
731 2792 858 2858 praetuli.
897 2793 933 2849 In
949 2790 1035 2845 verbo
1053 2797 1145 2845 tamen

92 2862 180 2913 vind·
198 2862 232 2912 Δ.
252 2871 394 2925 corruptus
418 2869 478 2931 cst,
506 2863 692 2914 intenderent
711 2864 856 2930 exbibens,
885 2875 934 2918 eos
952 2868 1043 2914 antem
1061 2859 1145 2918 etin

91 2931 177 2983 Viud·
189 2932 221 2985 0.
234 2932 304 2985 ven.
315 2932 336 2983 f.
348 2933 461 2995 babent,
477 2930 698 2991 intercederent
710 2934 793 2987 etiam
804 2932 886 2987 vind.
901 2933 934 2983 m.
947 2929 1092 2994 postponit.

14 3051 20 3061 ,
130 2999 196 3064 Gap-
210 2996 254 3055 4⁰,
274 3000 301 3059 S.
315 3004 353 3051 1..
374 3001 502 3065 consilio]
525 3002 648 3057 coneilio
665 2998 766 3069 ‚‚aiii“
790 3004 938 3052 secundum
950 3001 1037 3068 oud,
1052 2997 1142 3052 liu-ii.

92 3068 174 3127 Vrat.
195 3069 226 3123 c,
246 3068 326 3122 Goth.
344 3070 375 3121 lt
394 3071 492 3125 llamb.
505 3073 590 3127 Boua
601 3072 688 3128 vind.
701 3069 758 3127 AG.
771 3073 841 3129 vet
853 3072 876 3127 t.
887 3069 1021 3138 Aldinae,
1036 3069 1085 3125 dr·
1099 3069 1144 3122 ab.

54 3223 169 3291 pmcn
181 3231 358 3287 testamenta
373 3230 518 3299 facereret.
537 3230 582 3284 cl.
678 3233 705 3295 S.
718 3234 745 3286 7.
778 3230 864 3292 dicto]
889 3229 969 3282 iiaud
979 3224 1059 3278 dubie
1071 3222 1147 3279 eati-

55 3295 87 3356 S·
105 3298 151 3351 2¹·
194 3352 197 3357 .
624 3315 678 3353 vus
695 3310 755 3366 est,
772 3312 825 3351 non
839 3299 976 3352 ablativus
989 3297 1142 3363 absolutus,

112 3362 181 3426 §.a
216 3378 274 3418 rem
286 3367 506 3432 frumentariam]
522 3371 581 3421 dc·
624 3370 713 3435 qualis
733 3371 896 3435 comperto,
917 3367 1033 3437 copario
1053 3372 1081 3417 ct
1098 3362 1141 3416 sl-

56 3437 205 3491 cusativus
228 3449 304 3489 mors
333 3436 501 3492 Graecorum
532 3450 581 3503 pro
623 3441 714 3497 miles.
749 3442 820 3492 liam
852 3438 923 3502 quod
952 3445 1140 3499 nonuunquam

54 3502 227 3558 nominativo
238 3506 355 3573 positus,
371 3508 398 3558 b.
413 3520 448 3575 e,
465 3519 501 3558 ex
514 3508 581 3561 sub·
624 3512 695 3561 alter
708 3508 819 3561 dativus
833 3506 956 3573 additur,
973 3512 1004 3556 ut
1016 3516 1042 3556 c.
1054 3502 1093 3555 to
1112 3502 1139 3564 S.

53 3570 133 3629 ieoto
149 3575 263 3629 alterius
281 3577 395 3627 membri
411 3576 577 3630 enuntiatio·
621 3582 671 3642 13,
695 3578 761 3629 ninii
781 3577 888 3642 obstat,
910 3587 971 3627 cum
986 3572 1036 3625 ilie
1049 3570 1139 3626 artius

52 3643 102 3694 uls
115 3643 260 3707 bipartitae
272 3645 406 3696 obiectum
418 3645 516 3708 prioris
531 3646 577 3697 ias
619 3647 728 3698 iunctus
746 3659 808 3696 cum
823 3642 965 3707 participio
976 3654 1059 3698 unam
1072 3640 1139 3698 ote·

55 3720 133 3765 ctum
144 3723 197 3764 est.
219 3715 296 3776 Quod
306 3728 394 3779 genus
406 3712 514 3769 dicendi
526 3727 577 3773 ae·
619 3715 727 3771 metite
740 3714 876 3768 notionem
889 3711 1002 3766 efficiat.

54 3781 212 3846 quebiiitati
224 3781 354 3834 orationis
367 3783 480 3850 egregie·
488 3783 579 3836 inser·
670 3780 739 3849 cap.
750 3781 796 3836 to.
814 3779 842 3843 8.
850 3784 875 3833 i.
909 3780 1078 3844 omniumque
1090 3789 1138 3832 or-

54 3852 139 3904 vicus
157 3860 220 3918 post
238 3854 364 3906 Plautum
381 3861 410 3904 et
423 3853 578 3905 remanum
620 3853 759 3906 dinum-
773 3851 989 3913 centurionibus]
1021 3847 1138 3902 ordines
1165 3847 1172 3860 ’

53 3919 165 3974 trustra
180 3921 276 3986 quaeri
291 3922 429 3974 Bentlelos
442 3924 477 3977 ad
488 3923 578 3977 Manl-
620 3936 672 3981 scu
689 3921 821 3989 manipuli
841 3921 871 3973 in
887 3918 995 3986 legione
1012 3917 1136 3984 triginta,

53 3991 128 4059 iiie,
145 3990 200 4046 58⁸
217 4004 361 4056 perperam
374 3992 495 4053 putebat.
524 3994 579 4044 sed
619 3986 650 4044 in
669 3992 785 4056 singuiis
799 3990 953 4043 coboitlbus
967 3986 1137 4052 trinitrem,

53 4059 119 4113 civ.
133 4063 168 4129 1,
188 4063 208 4111 2
230 4061 335 4114 timere
354 4061 593 4115 damascenum·
620 4061 754 4129 dignitate
772 4058 893 4127 diversi,
916 4058 1071 4112 ulariorum
1087 4068 1138 4106 eeu

53 4129 96 4185 lca
108 4141 172 4187 eun
184 4129 285 4187 nemo
293 4129 537 4199 interpretandum.
578 4160 589 4169 ··
620 4130 788 4199 pirenorum,
815 4127 985 4199 principum,
1013 4128 1139 4180 bemo-
