2572 4688
329 278 341 313 .-
375 246 504 339 Ιιιι.
532 247 584 339 ιι
625 245 869 341 osuit·
915 244 921 255 “
1087 260 1155 335 ua

62 440 215 511 transire
226 445 487 528 eonspexeraut,
506 438 694 532 praedendi
711 463 813 511 eausa
827 441 978 527 egressi,
1004 460 1080 514 eum
1096 468 1152 517 re-

64 531 259 619 spexissent
279 536 315 594 et
336 528 454 599 hoster
473 529 508 596 in
527 530 659 617 nostris,
674 531 799 600 eastris
822 531 952 598 versari
972 531 1149 619 vidissent,

64 617 271 708 praeeipites
289 615 390 703 rugae
411 638 488 686 sese
509 615 724 690 mandabant.
794 616 906 697 Simul
925 639 1061 703 eorum,
1087 625 1189 710 quiz

63 729 140 777 oum
154 703 404 794 impedimentis
418 704 613 789 veniebant,
636 707 764 772 elamor
777 707 998 793 fremitusque
1018 709 1151 779 orieba-
1179 782 1183 788 ,

63 801 124 862 tur
135 792 263 882 aliique
276 791 377 860 aliam
396 792 433 860 in
447 799 577 884 partem
594 793 770 884 perterriti
784 792 990 862 ferebantur.
1061 796 1149 886 Qui·
1170 805 1192 866 8

63 882 131 950 ltus
150 880 307 948 omnibus
327 879 429 947 rebus
448 882 594 971 permoti
610 882 744 971 equites
755 881 912 963 Treviri,
932 905 1077 971 quorum
1096 887 1148 956 in-

63 977 118 1039 ter
133 967 254 1037 Gallos
269 968 408 1039 virtutis
422 970 535 1059 opinio
546 975 602 1038 est
615 969 815 1057 singularis,
834 970 895 1058 qui
909 970 1027 1039 auxilii
1044 994 1149 1043 eausa

64 1057 108 1124 ab
126 1054 266 1139 civitate
281 1054 326 1124 ad
339 1054 518 1127 Gaesarem
532 1057 629 1127 missi
642 1063 821 1139 venerant,
841 1080 917 1126 eurn
929 1059 1150 1131 multitudine

63 1145 214 1214 hostium
236 1151 350 1212 eastra
367 1152 487 1239 nostra
506 1146 687 1236 compleri,
712 1151 850 1236 nestrae
872 1147 1022 1234 legiones
1040 1150 1151 1238 premi

131 1317 267 1383 transire]
294 1320 368 1375 udin
386 1325 452 1375 ente
467 1314 567 1376 Aidnm
586 1324 695 1387 etpost
713 1322 812 1375 nidum
830 1321 916 1374 Vere.
937 1323 1030 1387 soeph.
1051 1325 1103 1385 Gr,
1123 1327 1151 1378 ir.

96 1390 245 1445 transiere
261 1393 375 1459 habeut,
397 1391 476 1455 idque
497 1406 515 1447 a
534 1391 576 1444 cl.
595 1390 624 1443 in
641 1393 709 1455 neg.
730 1395 764 1442 Ν.
777 1392 862 1444 Voss.
880 1400 1017 1454 repertum
1031 1401 1059 1445 et
1071 1395 1153 1460 quusi

97 1461 224 1526 „melius
243 1460 287 1512 hio
307 1455 498 1512 conveniens“
514 1458 657 1525 probatum
670 1461 738 1511 0ud.
754 1473 789 1511 ex
801 1462 885 1525 neng.
896 1463 930 1510 A.
944 1462 1003 1512 Pet.
1015 1463 1100 1513 Voss.
1113 1467 1149 1517 A.
1175 1491 1182 1498 *-

96 1533 176 1594 Egm.
196 1537 224 1580 et
241 1529 382 1596 „quinque
402 1525 495 1582 eiiis“
519 1530 609 1588 (uon
628 1530 677 1580 Lo.
691 1529 776 1595 Bong.
790 1530 839 1590 C.)
861 1530 890 1581 in
903 1531 1025 1582 ordinem
1036 1535 1149 1596 recepit.

96 1600 173 1651 Idem
195 1597 223 1649 in
242 1598 378 1663 plerisque
397 1611 518 1650 meorum
537 1597 638 1661 iegitur
656 1605 684 1650 et
701 1611 796 1650 verum
821 1611 884 1648 esre
909 1606 1016 1666 potest,
1045 1601 1071 1651 si
1099 1614 1150 1666 pro

97 1671 319 1735 transpressos,
347 1674 396 1720 aut
415 1670 633 1732 eonspeeernnt
652 1678 702 1732 pro
721 1666 920 1732 eonsptotendo
939 1667 1150 1723 intellexerant

95 1736 215 1801 positum
234 1744 294 1803 est,
316 1743 346 1787 ut
364 1736 455 1787 Plauti
473 1735 609 1799 Amphitr.
633 1733 667 1803 5,
686 1739 718 1803 1,
737 1737 786 1788 182
809 1737 904 1802 Atque
924 1736 1003 1788 illene
1019 1737 1164 1804 peminee'

96 1805 171 1873 tilios
194 1817 301 1871 pueros
321 1805 470 1871 peperisse
494 1803 656 1868 cormpienr.
702 1805 756 1855 Sed
776 1804 927 1870 simplicius
946 1813 974 1855 et
995 1809 1085 1869 aptius
1105 1811 1151 1860 est

58 1898 63 1911 ·
98 1875 250 1941 transire,
280 1876 351 1938 quod
376 1882 482 1936 tempus
501 1872 629 1924 infinitivi
648 1871 848 1936 legitimorum
867 1874 1028 1926 accusativo
1041 1891 1083 1928 ex
1099 1877 1150 1929 illo

97 1945 183 1995 verbo
200 1943 335 2009 pendente
354 1941 538 2010 coniungitur,
565 1948 596 1992 nt
615 1939 677 1991 Gir.
700 1945 732 2001 1,
756 1944 807 1992 69:
832 1941 880 1992 nii
893 1943 1033 2006 poedntim
1048 1949 1150 1998 retor-

99 2013 184 2080 queri
202 2025 304 2079 apaten
321 2014 362 2063 nd
379 2013 520 2063 neaeram
531 2009 758 2074 consperserunt.
773 2013 1007 2071 praeseminatum
1022 2014 1086 2065 istis
1099 2029 1149 2067 ee-

96 2083 206 2135 lonilrns
218 2081 265 2131 vel
276 2081 381 2131 initium
393 2080 551 2131 transeundi
564 2079 669 2130 vidisse
682 2078 822 2129 sufficeret
835 2081 905 2131 haud
918 2081 1007 2147 dubie,
1025 2092 1055 2133 ut
1069 2097 1152 2147 prue-
1189 2143 1190 2147 ἵ

98 2151 179 2203 dendl
197 2161 284 2201 censa
305 2162 321 2198 e
338 2149 439 2201 eastris
459 2150 662 2213 egrederemur.
706 2147 757 2195 liis
777 2148 859 2199 rebus
879 2152 968 2200 motus
989 2155 1152 2205 auctoritate

98 2220 222 2272 ruditum
234 2231 341 2285 eorum,
360 2230 427 2282 quos
440 2216 469 2268 in
481 2218 604 2281 proximo
619 2215 791 2268 adnotatione
805 2220 956 2278 sequendos
969 2233 1033 2271 esse
1051 2221 1152 2273 statui-

96 2302 168 2353 mus,
185 2287 311 2340 Aldiuam
325 2294 353 2337 et
365 2287 530 2351 reliqueram
543 2288 607 2338 ante
620 2285 688 2336 oud.
704 2284 848 2339 editionum
863 2288 1028 2352 scripturam
1041 2292 1150 2344 evind.

97 2363 131 2410 Δ.
146 2359 228 2409 dota.
240 2358 275 2407 A.
290 2360 363 2408 llav.
375 2358 411 2407 A.
422 2355 606 2407 confirmatam
620 2353 737 2407 restitui.

98 2444 101 2449 ·
131 2422 216 2489 Μ’
236 2428 272 2478 sd
290 2425 437 2478 Gaesarem
454 2423 545 2484 misni]
570 2425 671 2490 „MSS
687 2421 809 2486 plerique
820 2432 850 2474 ee
863 2426 930 2485 Edd.
943 2422 1047 2477 Vett.“
1065 2429 1150 2488 (Lon.
1212 2445 1219 2453 *

96 2498 182 2549 Voss.
197 2495 232 2546 A.
245 2495 319 2547 tinto.
333 2495 427 2557 Egon.)
439 2493 521 2555 liong.
531 2495 567 2543 A.
581 2494 628 2543 Dr.
643 2492 880 2544 AB.Vret..ABc.
895 2496 1151 2551 Geth.AB.iian1b.
1184 2550 1186 2569 Ι

96 2567 182 2617 Boun.
202 2563 284 2615 vlnd.
304 2564 336 2613 ii.
357 2570 400 2628 et,
420 2560 465 2624 qni
480 2577 500 2616 a
514 2571 563 2624 pro
576 2562 616 2612 ud
630 2561 759 2622 scriptum
774 2562 869 2626 habet,
894 2563 925 2614 G.
939 2564 1004 2624 item
1017 2567 1077 2616 edd.
1088 2575 1153 2618 ente

97 2636 163 2687 eid.
186 2631 268 2684 inisti
286 2633 325 2684 ad
343 2631 426 2682 Vind·
446 2631 480 2680 Ι).
503 2629 585 2680 missi
603 2631 643 2681 ud
660 2628 814 2681 Gaesarem
826 2631 908 2682 Viud.
924 2636 959 2681 A.
973 2635 1036 2684 Ald.
1050 2643 1079 2685 eo
1092 2648 1151 2699 sqq.

97 2704 168 2769 quod
180 2716 235 2755 non
248 2699 384 2764 deterius,
400 2700 451 2750 sed
463 2707 575 2762 propter
588 2699 696 2750 eodlees
709 2700 862 2750 mutandum
877 2708 945 2751 eret.

132 2779 244 2824 normes
269 2769 406 2833 legiones]
435 2770 537 2837 „ilisa
557 2770 586 2818 et
605 2770 673 2819 Edd.
695 2763 785 2831 qdd.“
816 2770 900 2826 (hev.
920 2772 1004 2821 voss.
1022 2773 1056 2819 Α.
1078 2770 1152 2823 dett.

97 2841 192 2906 ligra.)
208 2838 288 2893 Gerr.
307 2841 391 2903 Beng.
411 2837 445 2887 A.
465 2838 513 2894 Dr.
533 2839 589 2891 All.
603 2840 683 2890 Vrat.
698 2834 778 2887 ABG.
791 2835 871 2890 Goth.
886 2838 942 2889 AB.
957 2840 1052 2890 uamn.
1067 2842 1151 2893 Βοῃῃ.

98 2910 152 2963 Gn.
172 2909 255 2962 Vind-
275 2907 414 2961 sunuel.
434 2919 496 2958 enm
517 2909 579 2959 edd.
599 2915 663 2962 ente
685 2906 800 2976 didam,
826 2906 874 2971 qui
897 2912 1017 2960 nestrae
1039 2912 1150 2963 delevit.

63 3079 202 3134 emerim
222 3072 406 3141 despieIentee
425 3073 525 3129 milites
540 3073 587 3127 vl·
623 3076 669 3130 'nd
685 3074 826 3143 iepionern
845 3076 973 3141 Pompeii
993 3081 1151 3146 castraque

62 3159 155 3203 atores
167 3150 268 3200 flumen
279 3146 397 3198 transire
405 3147 541 3213 videraut,
559 3146 588 3197 id
629 3149 745 3200 minora
760 3146 873 3198 duxisse
890 3149 999 3199 dicitur.
1033 3150 1151 3201 Generis

64 3220 298 3284 quodedportam
307 3214 484 3268 entiermseu
496 3227 587 3282 prae·
630 3217 768 3282 eiusdem,
801 3219 851 3267 sed
881 3217 953 3268 alius
983 3219 1086 3281 speciei
1116 3226 1176 3271 ea*

63 3289 176 3342 tortam
200 3284 356 3338 constitutis
381 3292 492 3350 pmpter
512 3285 587 3335 deie—
630 3294 710 3354 suut,
726 3295 796 3351 quse
810 3285 1080 3340 inadnot.edo.19
1098 3287 1150 3349 §.1

62 3366 139 3411 etum
163 3354 244 3409 collis
269 3361 298 3406 et
319 3350 446 3423 'riparum
465 3352 589 3405 altitudi-
630 3354 717 3418 attigi.
927 3418 930 3423 Ι

60 3441 142 3497 nem,
162 3438 232 3490 quse
247 3436 272 3475 o.
284 3425 322 3476 27
335 3430 405 3474 extr.
418 3426 587 3475 demonstre-
681 3423 708 3484 S.
720 3426 747 3476 3.
780 3421 886 3487 equites
899 3422 1024 3485 rrevIri]
1048 3423 1094 3489 qai
1108 3422 1153 3475 dis

62 3500 128 3564 tur,
144 3498 268 3548 roronem
280 3492 370 3544 minus
382 3492 517 3544 licuisset.
541 3490 588 3543 si·
628 3493 725 3559 paneis
741 3490 836 3544 diebus
847 3495 883 3543 ad
896 3492 1043 3545 Caesarem
1056 3493 1151 3544 venis-

61 3565 137 3619 ntor
156 3563 220 3617 linio
241 3559 393 3619 coniunctio
413 3564 525 3614 duorum
536 3573 588 3612 uo-
629 3577 662 3615 se
679 3574 731 3615 nee
750 3563 854 3615 eertum
874 3564 963 3613 lecum
975 3561 1004 3612 in
1018 3562 1074 3614 ism
1086 3575 1152 3625 per-

61 3632 184 3701 tinum,
215 3645 296 3696 quem
320 3637 398 3683 reolo
423 3630 588 3692 hendiadyin
629 3631 782 3685 turbatione
793 3631 962 3694 assignatum
971 3631 1152 3702 potuisseti-

63 3717 115 3756 sou
131 3695 164 3757 ’ἓν
183 3696 232 3753 dat
254 3695 331 3753 δυοῖν
353 3699 449 3767 dieas,
470 3700 588 3763 illaeso,
629 3704 736 3753 dentur.
776 3701 852 3760 Quod
865 3701 900 3751 de
914 3711 1007 3751 eorum
1027 3699 1153 3764 opinione
1258 3716 1285 3751 .·

63 3768 299 3836 qoa1‚278.4
319 3780 386 3833 pars
400 3770 590 3822 Helvetiorum
630 3770 743 3823 virtutis
767 3770 867 3820 metum
896 3771 956 3836 est,
985 3769 1021 3821 ed
1043 3769 1153 3835 magni-

63 3843 104 3895 ad
122 3841 259 3895 menan
279 3836 407 3904 marsque
427 3838 589 3901 Germano·
631 3840 751 3891 tudinem
773 3837 891 3903 periculi
917 3840 1152 3893 demonstrandam

62 3923 132 3963 roten
145 3906 334 3974 contendisse,
351 3911 379 3975 6,
399 3911 435 3959 29
451 3908 589 3961 silvanr·
631 3909 708 3962 facit.

64 3981 172 4033 dumne
182 3979 218 4031 ob
235 3976 311 4043 ripis
323 3977 420 4028 utens
431 3977 589 4045 (iamque
683 3978 886 4028 circumventas
899 3974 1004 4038 teneri]
1027 3976 1071 4029 ci.
1085 3974 1149 4028 civ.

64 4049 259 4102 ireoiroruns
277 4048 315 4098 ed
329 4046 447 4099 Nervios
463 4047 588 4112 pertiue-
630 4049 663 4114 2,
678 4045 728 4099 41:
754 4048 830 4112 qnod
847 4047 911 4097 tota
928 4045 1005 4098 actes
1018 4046 1151 4113 equitatu

65 4129 113 4190 re,
137 4118 199 4173 clv.
218 4121 254 4183 3,
275 4117 314 4173 67
328 4112 442 4193 Cutem
460 4120 587 4181 sollertes
628 4115 756 4183 nostium
767 4114 950 4181 circumdato
964 4117 1124 4170 teneratur.

859 4181 942 4277 u*
