2572 4688
696 71 701 99 l
787 88 789 95 .

392 251 499 326 nin
524 242 591 330 ul.
635 253 755 329 cnr.
781 259 826 324 17
872 342 875 347 ¹
1087 263 1153 329 555

64 446 242 528 cooperate
272 478 276 487 ·
313 445 415 529 etque
437 441 493 509 bis
509 441 627 531 paucis
645 441 764 512 (155555
782 444 926 512 Aulerci
941 387 1147 513 Eburovices
1168 448 1189 511 5

62 529 271 617 Lexouiique
281 535 402 599 senatu
414 549 477 597 eno
488 530 682 615 interiecto,
703 530 793 620 quod
808 539 961 598 auctores
977 532 1057 599 belli
1072 548 1148 600 csse

63 618 243 699 uolebant,
270 622 389 708 portas
408 617 603 685 clauserunt
625 640 728 708 ecque
751 640 826 686 cum
850 617 1047 688 Viridovice
1069 642 1148 688 cou-

132 772 160 835 s.
173 777 208 892 ᾗ,
234 770 382 893 &emite
404 774 485 828 Vrct·
507 771 562 829 110.
592 772 630 828 iis
646 774 719 829 dett.
736 777 813 842 Egm.
831 789 888 831 sec.
905 777 988 830 Febr.
1004 777 1087 842 Bcng.
1110 782 1146 830 5.

71 852 75 859 “
97 850 159 893 ted.
210 874 217 889 ·
262 853 295 892 l'tt
359 874 367 891 .

132 910 246 962 Aulerci
269 908 469 972 Eburovicesr
484 910 539 963 Pru
562 910 695 977 Aulerci,
725 913 794 977 quod
811 924 906 983 nomeu
922 917 957 981 2,
973 910 1010 966 35
1028 922 1057 964 et
1072 913 1147 966 iutra

97 991 126 1031 5.
140 983 176 1031 25
194 988 222 1030 55
237 980 272 1046 7,
287 978 323 1034 75
340 979 368 1040 S.
383 982 401 1029 2
417 986 447 1035 et
464 982 482 1030 3
503 979 547 1032 bis
562 993 648 1043 paene
666 983 725 1032 siue
741 984 798 1033 ulla
815 982 936 1033 codicum
951 983 1084 1034 varietate
1102 985 1146 1033 lc-

96 1048 175 1111 gitur
191 1047 287 1106 (etiom
303 1047 332 1098 in
349 1046 531 1110 Camulogeno
547 1048 672 1102 Aulerec
688 1052 722 1119 7,
740 1050 775 1102 57
791 1049 857 1103 libri
873 1052 1060 1111 consentiunt)
1083 1054 1107 1101 b.
1122 1053 1142 1103 l.

94 1118 125 1167 in
149 1117 225 1168 beid-
248 1119 281 1168 Α.
301 1118 331 1167 s.
348 1117 431 1168 vind.
453 1116 488 1167 ll.
515 1117 661 1186 Aureliei,
684 1119 713 1170 lu
736 1120 820 1184 Beug.
843 1119 876 1169 Δ.
894 1121 977 1172 Voss.
993 1118 1058 1185 ,515
1083 1121 1142 1175 Pet.

94 1187 179 1247 ugm.
197 1184 268 1251 Dok.
291 1186 372 1236 Vrat.
395 1187 430 1236 A·
452 1186 536 1238 vind.
558 1186 612 1238 ac.
636 1188 776 1255 Aulerci,
805 1189 832 1239 in
857 1190 937 1240 Gotb.
961 1191 995 1239 A.
1010 1201 1028 1241 a
1044 1203 1080 1240 ιιι.
1097 1204 1140 1252 pr.

31 1248 50 1259 ”
70 1280 73 1287 ·
93 1255 216 1319 Adurni,
239 1256 266 1318 7,
282 1250 301 1303 b
316 1254 453 1308 Aueurct
466 1255 493 1305 iu
505 1256 644 1325 plurimis,
667 1259 701 1323 8,
718 1258 737 1310 7
751 1257 872 1310 Auiurei
889 1258 917 1307 iu
929 1257 1022 1309 multis
1039 1261 1140 1325 exstat,
1221 1284 1227 1291 ⁴·

93 1337 166 1386 quae
190 1323 312 1375 varietas
333 1324 413 1375 fidem
429 1326 559 1388 vulgatae
575 1337 628 1378 uon
647 1327 787 1380 convellit.
821 1328 910 1379 latrem
926 1329 999 1391 apud
1019 1328 1138 1379 Plinium

50 1400 55 1407 ’
93 1392 169 1446 nist.
191 1400 249 1444 nat.
266 1389 284 1442 4
301 1391 327 1452 S.
342 1395 376 1443 32
394 1395 457 1443 sunt
477 1393 610 1457 Aulerci,
639 1395 690 1460 qui
704 1396 945 1461 ecqnominuntur
960 1395 1138 1448 Eburovices

41 1514 44 1519 ,
92 1463 125 1515 et
149 1463 200 1528 qui
222 1461 385 1513 uenerunt.
419 1463 494 1522 Quod
516 1462 662 1516 discrimen
683 1463 799 1516 cessari
821 1477 924 1528 qnoque
942 1473 1032 1516 uotum
1049 1467 1138 1517 fuisse

93 1529 139 1581 bic
156 1536 233 1583 locus
249 1530 366 1583 collatus
381 1542 441 1581 cum
458 1533 493 1598 7,
509 1530 544 1584 75
563 1533 658 1599 docet,
682 1534 728 1585 ubi
741 1533 880 1586 Aulercos
893 1534 1066 1585 Cenomanos
1078 1548 1138 1589 me-

92 1609 191 1653 morat.
219 1597 304 1652 simul
319 1598 479 1662 intelligitur
496 1613 638 1663 perpetem
654 1602 682 1652 in
698 1603 757 1652 edd.
772 1605 836 1654 ente
851 1604 918 1656 0ud.
931 1605 1053 1668 exceptis
1068 1605 1137 1655 Ven.

94 1670 122 1719 5.
146 1670 223 1734 Lipe.
248 1668 290 1718 lu.
313 1668 436 1719 omuibus
453 1671 516 1731 post
530 1669 783 1722 Aulerci'incisnm
799 1684 878 1738 esse,
901 1673 1048 1733 quodcum
1068 1672 1136 1725 oud.

10 1738 17 1763 ‘
83 1737 176 1790 -etiam
199 1738 321 1789 codicum
345 1737 522 1790 vetustiorum
544 1737 706 1792 auctoritate
730 1739 808 1790 uisus
831 1739 860 1792 iu
879 1742 950 1790 cdl
968 1730 1137 1809 succumbet,

92 1807 123 1858 in
149 1808 225 1857 ed.2
249 1807 404 1868 imprudens
426 1805 564 1866 repetivit.
599 1807 643 1858 Gi.
667 1821 692 1857 e.
706 1811 743 1860 29
767 1808 794 1868 S·
808 1812 833 1860 3.
875 1809 928 1859 Pro
949 1808 1137 1879 eburovices,

92 1878 165 1941 quud
179 1876 243 1928 VV.
260 1874 313 1930 cc.
327 1876 392 1925 Vre.
410 1874 438 1924 iu
455 1877 517 1925 Not.
534 1884 563 1926 et
580 1889 638 1926 sec.
656 1877 738 1927 Febr.
754 1878 837 1929 Voss.
855 1878 889 1929 A.
906 1878 965 1928 Pet.
980 1879 1056 1942 ldgm.
1074 1893 1141 1931 cum¹

91 1944 157 1998 aliis
183 1952 305 2011 tuentur,
336 1943 403 1995 oud.
426 1945 502 1995 blas,
522 1946 582 2008 qdd.
605 1947 633 1997 et
656 1958 712 1996 sec.
729 1943 815 1999 cond.
832 1947 914 2010 song.
933 1946 962 1997 G.
979 1948 1039 2009 Pel.
1056 1957 1136 1999 etex

92 2014 162 2065 meis
186 2014 234 2063 Dr.
256 2015 287 2062 lt.
303 2014 384 2064 Vrat.
406 2013 533 2063 155555.
556 2014 613 2063 AB.
630 2013 711 2067 vnn.
735 2013 807 2065 0111.
831 2024 859 2066 et
881 2018 1135 2078 exceptantem.

95 2092 161 2134 autc
179 2081 222 2132 lu.
254 2081 431 2133 ldbnrcne'ees
454 2081 668 2143 (15551555.
691 2081 758 2135 Feb.
774 2084 853 2144 Ber.)
874 2085 1015 2149 exhibent,
1039 2086 1135 2137 llamb.

93 2164 162 2203 vero
185 2150 354 2217 Eburones,
381 2151 451 2216 qued
476 2153 510 2202 ad
533 2151 660 2204 iudicium
681 2154 715 2203 de
738 2153 798 2203 1555
820 2154 855 2220 7,
877 2154 928 2219 75,
951 2153 997 2203 nbi
1017 2154 1136 2208 Aulerci

91 2222 244 2273 Eburones
267 2227 346 2286 sunt,
375 2220 550 2285 adhibendum
572 2227 625 2271 est.
659 2220 867 2285 Dequantitate
884 2222 1064 2284 paenultimae
1081 2237 1136 2283 nou

91 2293 180 2347 babeo
202 2290 272 2352 quod
295 2300 344 2350 pro
369 2297 443 2341 certe
464 2301 577 2356 ponam,
601 2290 649 2340 sed
666 2304 701 2339 ex
717 2290 822 2341 numine
839 2291 946 2342 Graeco
962 2286 1138 2358 ’5555555551

92 2361 165 2422 apud
185 2358 367 2408 Ptolemaeum
390 2357 459 2424 2,8
482 2362 510 2409 et
534 2368 568 2410 ex
590 2358 741 2410 recentiore
764 2359 863 2411 15555
879 2360 1070 2412 Ebroicorum
1092 2366 1135 2420 (r.
1191 2407 1196 2418 ,

91 2430 217 2481 Vkertus
238 2441 266 2490 p.
280 2425 346 2483 480)
370 2428 548 2491 hodiernoqu'e
572 2428 696 2479 Eereuc
714 2429 749 2478 ad
765 2429 871 2478 modum
887 2429 1005 2480 0555555
1020 2429 1136 2480 nominis

90 2498 199 2563 potius,
222 2508 302 2560 quam
318 2491 491 2549 Pboem'eurn'
507 2504 615 2546 veteres
632 2497 683 2547 boc
700 2497 888 2557 pronuntiasse
910 2499 1023 2562 colligo,
1053 2510 1135 2560 prae-

91 2567 188 2618 sertim
205 2578 266 2616 cum
283 2565 364 2628 louge
379 2568 442 2616 aute
461 2579 483 2615 tc
499 2576 645 2614 consonam
662 2563 674 2612 e'
689 2565 875 2618 femininorum
889 2567 1044 2627 plerumque
1058 2570 1134 2617 esset

35 2663 40 2670 ·
91 2640 121 2688 et
146 2635 235 2700 eicis,
263 2633 373 2697 tricem,
402 2633 464 2685 elec
481 2632 492 2682 i
511 2635 620 2683 brevem
636 2633 775 2684 baberent.
808 2636 870 2684 Non
888 2634 968 2685 aliter
991 2637 1024 2686 de
1052 2635 1133 2685 Viri·

91 2705 192 2759 device
215 2703 333 2834 555ιέ5,4
348 2703 554 2756 Baumstarkius
576 2701 683 2768 utrique
704 2702 814 2768 longam
837 2701 849 2754 i
872 2702 974 2755 tribuit.
1008 2702 1052 2754 ci.
1069 2706 1131 2756 adu.

88 2788 132 2828 cr.
147 2775 184 2826 ad
199 2774 256 2824 e.1
294 2805 300 2820 .
333 2803 342 2823 .
1012 2776 1018 2784 '

106 2929 134 2991 S.
147 2932 174 2980 3.
206 2936 287 2992 atque
300 2927 343 2980 liis
358 2926 452 2992 paucis
464 2927 572 2991 diebus]
666 2934 791 2982 cncmree
810 2926 889 2988 belli]
915 2925 959 2979 Cf.
980 2924 1085 2978 Hirtius
1104 2929 1132 2998 8,

54 2998 468 3066 quibussabinusecvenerat,
486 2999 574 3050 utin·
614 2998 634 3053 7
662 2998 822 3052 inveniebat
837 2996 1042 3062 -ecmpluret
1070 3010 1140 3049 esse.

54 3073 102 3124 tre
116 3083 141 3127 e.
154 3072 189 3120 23
203 3067 261 3129 §.2
277 3069 409 3133 loquitur,
426 3071 451 3120 li.
466 3082 491 3119 e.
506 3082 573 3131 pau·
615 3066 762 3134 principes
781 3067 846 3118 belli
864 3070 1007 3119 auctores.
1042 3066 1077 3115 ib.
1097 3070 1130 3116 21

56 3139 99 3192 eis
125 3147 187 3200 post
211 3135 271 3186 eine
297 3139 441 3190 adveutum
467 3137 573 3202 diebus,
616 3137 860 3188 Correusuuctcr
873 3136 951 3204 belli,
967 3135 1133 3188 5555555555
1204 3142 1208 3159 ¹

55 3221 136 3275 quem
161 3208 305 3258 adventum
325 3215 355 3258 ut
378 3220 435 3258 rem
453 3204 481 3257 in
502 3205 574 3258 serie
616 3205 817 3258 mutitudinis.
849 3205 886 3254 ib.
900 3203 936 3256 tr
959 3205 1132 3256 recensitio

56 3277 230 3330 narratarum
248 3289 338 3328 rerum
362 3277 510 3338 proximem
529 3275 574 3326 bis
615 3276 680 3328 belli
698 3273 900 3341 quaerentibus
913 3278 1018 3325 auctor
1031 3285 1133 3325 cratu-

54 3358 203 3410 pronomeu
218 3346 391 3399 demonstrat.
424 3347 484 3403 Non
503 3345 573 3396 cuim
614 3357 683 3396 runt
696 3347 811 3411 duaque
826 3345 944 3395 deesset.
970 3341 1072 3394 Caesar
1087 3345 1131 3393 in-

54 3423 121 3471 ante
133 3414 378 3465 adventnmsabiui
391 3414 457 3472 illud
470 3416 572 3466 iactum
614 3416 659 3466 fra
676 3412 708 3480 5,
725 3418 759 3465 33
783 3413 883 3477 Getta,
908 3411 958 3477 qui
971 3436 1003 3450 -
1017 3411 1050 3462 55
1067 3423 1140 3463 eum·

54 3497 121 3536 5555
141 3484 265 3546 perlecta
282 3485 450 3538 euenerunt
463 3492 491 3533 et
503 3497 572 3533 con·
613 3495 730 3552 causam
749 3481 941 3550 profectionis
955 3483 1060 3531 ccctor
1072 3491 1131 3531 555

10 3607 15 3616 ,
54 3555 222 3606 iunmerunt
241 3555 346 3615 docent.
379 3554 482 3613 Quibus
502 3553 571 3615 quod
613 3553 728 3620 fuisset.
768 3554 801 3618 5,
825 3551 842 3602 8
864 3549 1020 3614 propinqui
1038 3550 1130 3601 1555-

54 3635 154 3686 rursus
175 3622 464 3684 plusquamperfectum
487 3623 572 3680 (con·
613 3621 752 3687 emereri,
775 3620 824 3686 qui
837 3619 1009 3687 defectionis
1026 3622 1129 3670 queto-

53 3692 195 3751 ucnerut)
217 3689 401 3755 subiungitur,
424 3692 493 3752 quod
511 3693 571 3742 for·
612 3702 662 3744 res
674 3691 806 3758 fuerunt.
830 3689 909 3741 1531
925 3687 1129 3754 omnibuepre-

52 3774 126 3815 snam
140 3758 269 3812 orationis
285 3758 312 3818 s.
326 3762 343 3809 2
357 3758 508 3810 institutam
523 3773 570 3810 re·
611 3760 690 3811 cibuto
700 3759 860 3811 detestatus
867 3756 1065 3826 Atnbicriqem,
1080 3757 1137 3823 qui.

53 3833 119 3896 tert,
132 3831 201 3879 baec
214 3830 249 3878 ab
261 3831 347 3892 atque
360 3841 444 3890 usque
456 3832 490 3880 ad
501 3842 570 3880 555-
610 3829 673 3882 eius
684 3828 795 3880 555555·
804 3829 908 3879 auctor
921 3825 1035 3894 suisset.
1062 3828 1128 3888 Qui-

52 3899 219 3950 iuncerunt
237 3895 405 3959 parenthesis
418 3898 506 3950 instar
519 3901 570 3949 ha·
611 3901 662 3950 bue
683 3898 805 3949 omnibus
824 3895 892 3948 locis
911 3897 1048 3950 auctores
1065 3898 1128 3947 snut

50 3969 140 4019 bendu
152 3980 215 4016 esse
227 3965 438 4029 arguiteltaque
452 3970 569 4031 plenam,
611 3968 657 4031 qui
676 3967 737 4017 fieri
749 3968 795 4018 vel
810 3964 912 4028 suscipi
922 3965 1024 4027 ailquid
1036 3963 1128 4015 iubent

19 4060 23 4065 ·
40 4050 132 4100 ‘quam
140 4038 224 4098 vulgo
237 4042 297 4098 post
308 4037 444 4101 coeperet
455 4036 570 4103 iaciunt,
610 4036 776 4100 iubcudcque
789 4042 819 4088 ut
833 4035 881 4088 liat
894 4032 942 4087 ve'l
953 4030 1127 4099 suscipiatur,

50 4104 293 4172 interpunctionem
299 4103 412 4181 ,sustuli
609 4105 740 4160 etneimt·
756 4157 760 4162 .
