2572 4688
329 244 332 253 ·
386 254 492 327 mu.
518 253 585 326 ιιι
626 252 747 327 cur.
772 257 817 328 re
857 279 862 283 ·
1077 214 1145 329 ati

1259 356 1265 384 t

56 462 153 512 eece:
185 440 228 509 ad
249 448 361 512 eastre
383 443 428 510 iri
451 450 620 534 oportere.
685 443 815 511 Multae
828 439 940 511 recab
954 441 1016 508 hoo
1031 441 1142 509 cond·
1164 442 1188 507 6
1232 491 1236 496 .

55 533 141 600 lium
158 530 276 599 Gallos
293 532 534 598 hortabantur:
558 531 770 621 superiorum
786 533 915 598 dierum
931 529 1050 598 Sabini
1063 552 1144 596 cun-

56 621 181 700 ctatio,
211 620 372 706 perfugae
391 621 617 700 confirmatio,
646 619 760 706 inopia
777 621 998 699 cibariorum,
1019 619 1074 683 cui
1092 618 1145 684 rei

56 729 179 863 parum
195 706 374 791 diligenter
385 707 427 772 ab
442 707 494 772 his
511 713 586 772 erat
601 707 790 794 provisum,
812 727 891 792 spec
903 704 1059 773 Venetici
1073 704 1146 770 bel-

74 818 106 876 ι,
134 802 171 861 ct
191 798 282 882 quod
305 795 375 858 iere
393 794 538 859 libenter
558 794 709 859 homines
726 792 780 883 ici,
829 792 896 858 uoci
918 794 1049 874 volunt,
1071 813 1145 859 crea

58 882 157 950 dunt.
228 880 294 967 His
322 880 424 946 robus
452 881 588 946 adducti
612 903 676 945 non
696 883 791 965 prius
848 880 1042 946 iridovicem
1062 873 1188 950 reli-⁷

57 971 215 1058 quosque
228 967 329 1048 duces
345 989 385 1051 ex
399 969 539 1034 concilio
553 966 747 1047 dimittunt,
769 989 868 1054 quarn
882 966 924 1032 ab
938 967 991 1033 hie
1004 967 1052 1034 eit
1066 989 1145 1032 con-

59 1059 212 1136 oessum,
233 1077 324 1119 arma
340 1055 391 1119 uti
404 1056 539 1141 capient
552 1063 589 1120 ct
601 1053 644 1120 ad
658 1050 771 1120 castra
785 1053 1001 1121 contendant.
1066 1053 1145 1138 Qua
1166 1047 1189 1111 8

58 1165 99 1212 re
113 1134 272 1208 conce'eea
285 1143 367 1207 laeti
382 1150 420 1206 ut
430 1146 607 1230 explorata
619 1143 760 1206 victoria
777 1141 958 1207 sarmentis
971 1141 1149 1226 virgultis·

59 1252 129 1318 que
150 1229 321 1308 collectis,
350 1229 474 1316 quibus
490 1231 601 1295 foseas
621 1228 847 1294 Romanorum
869 1227 1077 1314 compleant,
1102 1227 1148 1294 aci
1184 1299 1192 1304 ,
1217 1259 1221 1271 ·

61 1324 176 1383 eastra
201 1321 380 1403 pergunt..
445 1319 499 1382 19.
534 1315 646 1382 Locus
666 1322 741 1380 crat
762 1323 952 1380 castrorum
975 1315 1088 1380 editus
1109 1321 1147 1381 et

61 1402 228 1492 paulatim
256 1403 297 1468 ab
324 1403 391 1467 imo
420 1403 575 1483 acclivis,
611 1403 748 1468 circiter
767 1423 890 1490 passus
912 1402 1017 1472 milis.
1062 1401 1147 1469 Huc

62 1512 183 1576 magno
204 1510 307 1555 cursu
327 1489 586 1569 contenderunt,
615 1495 654 1554 ut
668 1511 766 1575 quam
791 1489 961 1554 minimum
978 1489 1082 1575 spatii
1100 1489 1145 1556 ad
1182 1553 1184 1559 .

59 1601 100 1647 ee
115 1575 320 1660 colligendos
335 1575 578 1663 armandosque
593 1575 754 1650 Romanis
771 1575 927 1656 daretur,
947 1576 1144 1643 exanimati-

44 1672 128 1753 ·que
158 1669 393 1753 pervenerunt.
465 1665 612 1730 Sabinus
641 1686 721 1729 suos
749 1663 905 1729 hortatus
928 1664 1143 1750 cupientibus
1165 1662 1201 1725 2>

60 1754 196 1838 signum
217 1750 288 1819 dat.
330 1749 507 1835 Impeditis
529 1752 682 1819 hostibus
703 1759 845 1837 propter
867 1771 924 1830 ea,
951 1771 1037 1836 quae
1056 1752 1145 1817 fere-

61 1839 165 1922 bant,
191 1859 293 1906 onera
312 1839 425 1917 subito
446 1838 576 1922 duabus
597 1839 708 1926 portis
723 1837 930 1925 eruptionem
944 1837 1019 1904 ficri
1038 1839 1147 1913 iubet.
1186 1861 1188 1864 ’

1247 1980 1253 2009 )

132 2012 160 2074 S.
173 2018 200 2067 t.
233 2015 269 2065 ab
286 2014 342 2075 his]
367 2015 451 2079 Bong.
467 2018 501 2067 A.
518 2017 566 2066 Dr.
584 2016 639 2065 AB.
659 2013 739 2065 vind.
757 2014 877 2064 annul.
894 2015 974 2065 Goth.
992 2017 1027 2064 Α.
1044 2016 1144 2068 liumb.

97 2085 171 2136 Vcn.
195 2096 221 2133 c.
246 2086 274 2133 et
298 2097 356 2149 sqq.
380 2087 517 2149 usquead
536 2086 619 2150 oua,
643 2083 688 2147 qui
707 2085 790 2134 tacite
808 2083 918 2145 scripsit
941 2082 975 2134 ab
996 2083 1052 2153 e'r's,
1074 2088 1146 2150 quod

23 2176 26 2180 ¹
97 2156 178 2206 Goth.
196 2155 229 2219 B.
244 2154 321 2202 Rom.
339 2166 364 2205 a.
382 2156 453 2204 Med.
471 2167 497 2205 e.
513 2155 583 2203 ven.
597 2155 623 2203 b.
637 2154 743 2204 babent.
768 2153 801 2204 ab
813 2153 868 2203 tiis
885 2153 959 2204 Gott.
973 2155 1053 2205 Vrat.
1066 2158 1145 2208 ABG.

96 2222 160 2344 ws-
178 2222 205 2274 7.
245 2234 322 2274 mma
344 2223 385 2275 uti
407 2224 534 2288 capiant]
555 2237 585 2274 u.
608 2237 637 2275 c.
657 2236 684 2275 c.
708 2223 756 2274 Dr.
778 2226 814 2274 A.
842 2224 877 2275 ut
900 2221 1012 2287 coptam
1029 2226 1148 2294 faciam

137 2293 179 2342 ut.
196 2293 230 2341 A.
368 2305 371 2312 “
766 2326 770 2331 -

132 2363 174 2420 et]
196 2370 249 2410 om.
265 2359 326 2410 Pet.
862 2378 864 2382 ·

134 2429 202 2490 Cep.
216 2430 263 2478 19.
284 2426 311 2487 s.
326 2428 351 2477 1.
384 2424 473 2488 mille]
497 2427 541 2479 lta
563 2425 673 2480 codices
695 2425 750 2479 mci
775 2425 850 2486 (atii’
867 2425 950 2480 Vini.
967 2429 1018 2491 A.)
1039 2432 1069 2481 et
1083 2432 1145 2483 edd.

70 2536 73 2543 .
100 2499 165 2551 ante
182 2498 245 2549 Alci.
260 2509 341 2564 nep,
362 2508 415 2549 nou
427 2512 459 2549 00
472 2504 520 2548 aut
536 2497 579 2548 M.

66 2673 112 2722 ter
125 2667 279 2721 'serentium
298 2668 327 2716 ct
345 2664 499 2718 Ciceronem
518 2666 585 2718 ilir-
672 2662 741 2729 cap.
755 2667 797 2716 19.
818 2664 845 2726 S.
859 2668 884 2720 1.
918 2666 1028 2735 circiter
1046 2680 1147 2732 pascue

68 2739 123 2790 tius
137 2740 216 2794 Alex.
231 2739 266 2789 37
285 2737 377 2786 codem
396 2737 429 2784 de
442 2738 534 2787 eedem
553 2749 585 2788 re
627 2733 716 2794 miiie]
739 2734 782 2784 (it.
796 2738 858 2786 adn.
872 2736 908 2785 ad
921 2739 954 2800 2,
972 2738 1006 2788 18
1023 2736 1049 2797 S.
1063 2744 1088 2789 2.

67 2808 155 2858 verbo
172 2808 324 2869 resecem,
337 2805 443 2855 ernisto
455 2803 587 2870 proaimi
677 2803 828 2862 minimum]
865 2804 897 2855 lc
918 2806 1082 2857 srrbstantivi
1102 2807 1146 2858 in·
1228 2837 1232 2841 «

67 2875 209 2939 temporis
222 2875 378 2926 occasione.
627 2879 688 2924 ster
708 2881 759 2922 est.
793 2871 835 2922 Gi.
852 2876 883 2940 1,
900 2877 935 2924 20
952 2874 1009 2936 5.2
1032 2888 1097 2926 cant
1110 2903 1146 2914 -

19 2953 23 2960 ·
120 2946 147 3005 s.
160 2948 188 2996 6.
212 2944 303 3006 inopia
314 2941 489 3002 cibariorum]
509 2943 586 2994 liaeo
628 2942 678 2994 tile
689 2942 836 2995 minimum
849 2945 1147 3009 propterodotescea-

67 3027 116 3066 res
131 3025 184 3064 non
197 3012 323 3079 impedit,
341 3024 393 3076 quo
406 3011 494 3062 minue
507 3012 587 3064 fidem
628 3011 702 3063 tecm
714 3014 819 3077 passer.
853 3013 941 3064 Aliter
953 3015 1058 3064 Hirtius
1073 3016 1098 3081 8,
1112 3014 1147 3066 ta

66 3085 215 3151 babeamus
228 3080 307 3131 Dioni
320 3079 417 3132 caceio
432 3084 477 3144 39,
490 3079 524 3131 45
538 3082 588 3132 be·
628 3089 687 3132 nott
699 3082 846 3132 minimum
858 3084 1006 3134 terrorem
1019 3083 1094 3133 dixit.

67 3164 103 3204 ue
124 3154 219 3214 pastos
230 3151 344 3202 Vnciios
363 3146 508 3200 ai‘cestra
521 3162 588 3202 con·
683 3150 709 3210 S.
724 3156 749 3202 2.
779 3151 899 3214 signum]
918 3153 1079 3202 hauddubie
1093 3166 1147 3217 pu-

68 3222 191 3272 tentissc
215 3218 341 3270 tradenti.
363 3213 452 3276 (πάνυ
471 3212 589 3285 γάρτοι
631 3232 717 3283 gnac3
747 3232 808 3270 nam
828 3229 856 3268 et
876 3220 1013 3272 hortatus
1032 3233 1098 3271 suos
1120 3228 1148 3271 ct

61 3285 205 3372 ’διακορεῖς
225 3291 272 3338 aui
292 3283 340 3350 crit
357 3281 459 3352 τροφῆς
477 3281 589 3338 καὶτοῦ
631 3288 845 3353 cupientibusid
856 3291 1079 3342 dedisecdicitur.
1096 3292 1148 3340 At-

69 3359 270 3422 morcincto.)
309 3357 441 3408 Fortasse
463 3357 511 3405 iiio
528 3356 589 3418 ipso
630 3361 721 3408 temen
741 3371 793 3409 non
813 3361 955 3409 confestim
980 3362 1044 3410 dato
1069 3360 1148 3423 signo

67 3426 114 3479 (lie
134 3438 203 3489 quae
221 3433 397 3491 supererapt,
420 3425 509 3475 omnia
522 3438 589 3476 con·
631 3427 797 3489 eruptionem
810 3427 1055 3492 iecisscvidentur,
1069 3429 1149 3490 qnip-

69 3503 254 3557 sumpserant.
279 3495 358 3545 Modo
372 3494 487 3555 scriptor
500 3495 589 3546 Grae·
630 3508 664 3558 pe
684 3508 763 3557 quam
778 3495 873 3545 deinde
890 3496 1013 3549 dicautur
1028 3497 1148 3563 impetii-

68 3566 123 3616 cue
135 3576 179 3630 ea,
197 3563 292 3627 quibus
304 3562 396 3614 Latini
407 3565 589 3615 narrationem
630 3566 670 3615 tis
688 3564 830 3629 hostibus,
851 3568 877 3615 n.
891 3579 915 3614 e.
930 3579 991 3615 oum
1007 3565 1149 3628 impeditos
1162 3578 1165 3582 ’

68 3634 167 3688 berum
189 3645 279 3683 rerum
299 3633 390 3696 auxit,
412 3645 474 3684 cum
492 3634 544 3682 fite
561 3637 589 3684 et
631 3635 722 3684 hostes
735 3647 798 3682 esee
811 3634 926 3684 sabinus
939 3635 1149 3686 animadvertis-

70 3701 149 3771 φάτο
162 3710 273 3752 auctore
288 3700 420 3751 retulerit.
561 3744 565 3750 .
631 3703 788 3769 set‚subtto
801 3699 944 3768 ctduabuc
953 3705 1149 3768 portiaprin-

123 3783 188 3834 epes
202 3769 328 3821 Venetici
341 3771 419 3829 belii]
452 3770 521 3831 quod
537 3771 588 3818 hoc
631 3772 714 3833 cipali
727 3773 824 3822 dextra
833 3780 860 3820 ct
871 3773 984 3824 sinistra
996 3776 1042 3824 vel
1054 3787 1148 3827 earum

71 3839 133 3903 ipso
159 3847 281 3900 tempore
305 3838 506 3890 conficiebatur.
547 3838 590 3889 ct.
631 3842 764 3892 alterutra
776 3843 803 3890 et
815 3842 966 3906 praetoria,
983 3843 1076 3894 iacere
1088 3844 1149 3894 ius·
1248 3851 1250 3853 '

72 3921 98 3960 c.
111 3911 146 3958 19
164 3908 191 3968 S.
205 3907 231 3960 5.
632 3909 741 3976 siesse,
758 3911 828 3972 quod
841 3910 893 3960 nisi
907 3913 994 3962 altero
1006 3911 1084 3976 signo
1097 3915 1148 3964 de‘-

126 3977 154 4036 S.
168 3957 208 4026 s?
228 3974 371 4038 explorata
388 3973 518 4035 victoria]
546 3971 590 4024 Cf.
633 3985 661 4028 to
675 3978 735 4030 heri
749 3979 902 4040 vixpotuit.
936 3980 979 4030 Gi.
994 3979 1147 4044 storeas

74 4042 102 4109 5,
114 4042 150 4096 43
168 4045 254 4096 sicma·
264 4047 353 4108 parta
365 4045 423 4096 iota
434 4047 521 4110 atquc
536 4057 591 4096 cat-
633 4050 703 4097 extr.
736 4048 831 4110 ltaque
844 4051 910 4115 hot,
934 4050 1003 4111 quod
1015 4049 1148 4112 cupienti-

73 4115 193 4181 plorota
204 4114 339 4169 uictoria
362 4116 397 4182 7,
416 4114 457 4166 15.
470 4114 512 4165 20.
525 4112 568 4168 52.
633 4117 685 4202 bus
704 4116 795 4172 dutum
813 4124 873 4186 est,
897 4116 1004 4185 tignum
1017 4118 1147 4174 1111191-
