2572 4688
114 255 186 330 152
375 250 451 324 llll
471 249 656 331 bulbo
685 248 943 324 Gannico
1053 254 1062 279 ‘

118 439 347 599 ξιοιίιιοίρέιιιιέἆ
372 440 434 530 qui
452 438 605 596 ‘RQ‘
617 438 779 597 linteolum
799 438 988 596 ttrucaoplspre
1009 441 1045 509 in
1057 440 1202 598 “rim

121 551 243 686 031¹?
244 550 637 686 illeillllldil
650 549 1094 706 liilliinillili
1113 551 1212 684 iit·

80 705 103 771 4
123 705 221 774 lisso.
284 703 354 791 Qui
376 703 450 771 eius
471 704 606 771 consilii
619 705 791 809 principes
806 703 969 784 fuissent,
996 704 1088 790 quod
1104 705 1206 772 intel·

123 793 295 879 legerent,
326 796 485 880 quantam
509 793 735 859 calamitatem
763 789 895 859 civitati
923 791 1140 875 intulissent,
1170 794 1208 859 in

20 918 25 929 ·
80 877 335 948 fissritenniem
353 877 558 968 profugisse.
627 875 750 946 Petere
772 900 839 945 ncn
860 877 970 945 solum
992 877 1209 960 Bellovacos,

123 965 187 1036 sed
204 967 313 1034 etiam
324 986 387 1055 pro
403 966 456 1033 his
472 962 653 1048 Haeduos,
672 976 713 1034 ut
727 988 789 1034 sua
804 965 983 1032 clementie
998 987 1038 1032 ao
1053 988 1210 1035 mansua-

80 1055 105 1121 6
124 1053 243 1122 tudine
258 1053 294 1121 in
307 1072 366 1119 eos
379 1059 508 1123 utatur.
579 1050 681 1207 guod
696 1054 727 1121 si
739 1052 877 1136 iecerit,
904 1051 1125 1122 Haeduorum
1148 1075 1209 1121 au·

122 1143 315 1210 ctoritatem
337 1138 427 1228 apud
445 1162 560 1209 omnes
612 1135 706 1226 algas
727 1140 1028 1229 amplificaturnm3
1063 1162 1210 1229 quorum

22 1259 25 1273 ·
123 1227 260 1298 emiliis
275 1235 376 1315 atqua
393 1226 534 1319 opibus,
555 1228 587 1296 si
600 1250 668 1318 qua
683 1229 775 1296 bella
792 1225 988 1312 inciderint,
1014 1234 1210 1297 sustentare

191 1404 219 1468 S.
232 1401 259 1460 l.
294 1403 368 1466 eius]
392 1407 475 1471 Bong.
493 1404 572 1457 ABG.
589 1406 650 1459 Pet.
667 1406 727 1460 rol.
743 1406 818 1458 (iott.
834 1407 912 1472 ligur.
929 1407 989 1459 ort·
1005 1412 1065 1457 tres
1075 1403 1127 1458 alii
1141 1406 1209 1459 ond.

157 1475 208 1527 Dr.
232 1475 288 1526 nli.
308 1474 387 1526 Vret.
409 1474 489 1526 ABG.
513 1476 592 1526 Goth.
618 1476 649 1526 ll.
670 1477 755 1528 Bonn.
771 1476 868 1527 liemb.
883 1476 935 1526 Gn.
951 1475 1034 1527 Vind.
1051 1475 1131 1526 BDE‘.
1148 1476 1210 1526 edd.

103 1564 105 1569 ·
157 1552 223 1597 ente
229 1545 303 1611 fild.
321 1526 383 1594 cuni
398 1544 485 1596 Vesc.
504 1545 553 1596 Gr·
568 1547 594 1594 b.
611 1545 689 1596 Turr-
716 1530 1160 1597 loimmodicarr.1lulr.vind.
1179 1541 1211 1595 0.

156 1613 244 1664 denne
261 1613 344 1663 voss.
368 1615 403 1662 A·
426 1614 507 1664 (ioth.
524 1616 559 1665 Α.
574 1612 657 1666 vind.
674 1617 708 1665 Δ.
726 1627 787 1665 com
804 1612 918 1678 reliquis
934 1613 1011 1682 edd,
1035 1613 1107 1679 quod
1125 1624 1211 1678 repu-

157 1681 304 1749 gnantibus
321 1681 460 1733 codicibus
477 1682 620 1733 tenendum
634 1695 688 1733 nou
704 1691 748 1732 eet
764 1682 863 1734 visum.

116 1755 119 1759 ’
192 1751 219 1812 S·
240 1750 266 1802 5.
306 1762 358 1801 sna
383 1751 540 1812 clementie]
570 1763 626 1801 eoo
639 1765 698 1803 om.
717 1752 794 1802 Leid.
811 1754 845 1803 Α.
862 1749 946 1801 Vind.
963 1751 1000 1800 A·
1031 1747 1079 1800 sic
1093 1746 1169 1802 inira
1184 1761 1212 1799 c.

157 1820 209 1872 282
231 1821 267 1870 ot
284 1816 316 1869 in
332 1818 453 1871 miseros
469 1833 505 1871 ac
520 1819 663 1885 soppbcer
678 1833 747 1871 osan
759 1818 963 1875 matricensis
975 1817 1159 1885 uideretur„
1176 1819 1214 1870 lle

157 1890 279 1940 fortasse
293 1887 413 1955 Ceasar,
436 1903 497 1941 cum
514 1890 628 1952 prinum
645 1892 713 1942 baec
730 1891 878 1953 scriberet,
902 1887 1059 1941 &baveris
1075 1886 1125 1939 illo
1142 1894 1213 1937 nm-

159 1969 227 2022 pore
250 1957 420 2012 clementiam
443 1970 519 2010 suem
537 1959 653 2007 noudum
670 1958 804 2021 cognitent
821 1957 914 2009 sciens
932 1969 1018 2019 neum
1034 1955 1065 2006 in
1082 1956 1213 2007 Haeduos

160 2027 295 2081 editorum
318 2025 378 2081 eius
399 2027 616 2080 documentorum
640 2039 741 2078 mernor
764 2030 869 2079 tantum
891 2027 927 2076 ιιι
944 2023 1097 2076 clementio
1112 2027 1145 2076 in
1162 2037 1212 2076 eos

160 2096 267 2145 utatur
289 2094 385 2154 posuit.
419 2094 503 2145 certe
529 2092 686 2146 Aduatucos
709 2108 734 2146 c.
749 2097 783 2147 11
806 2106 860 2147 ιιοιι
883 2093 1042 2157 simpliciter
1058 2104 1137 2144 suam
1153 2096 1213 2146 cle-

160 2163 289 2215 mentiam
301 2175 334 2214 ac
348 2162 578 2215 mansuetudinem
593 2163 767 2228 implorantes
780 2165 866 2233 iecit,
886 2164 934 2213 sed
948 2163 1039 2215 eddito
1056 2175 1143 2228 quum
1156 2162 1213 2228 ipsi

162 2231 197 2283 ob
219 2232 286 2287 clito
308 2231 458 2283 audirent.
498 2232 538 2281 Ec
555 2244 624 2282 vero
640 2241 775 2298 tempore,
803 2246 856 2297 quo
873 2234 969 2285 edebat
988 2232 1212 2297 commentarios,

164 2313 248 2353 soant
273 2310 340 2349 sanc
362 2301 454 2350 dicere
475 2303 503 2351 et
520 2308 625 2362 poterat
642 2310 669 2349 et
685 2302 792 2354 solebat
808 2302 995 2368 clementiam,
1021 2313 1109 2366 neque
1130 2301 1212 2354 Diui-

164 2369 232 2421 tieci
249 2380 382 2431 personae
400 2370 466 2420 telis
484 2381 537 2418 nou
555 2371 702 2420 convenire
719 2371 864 2422 videbatur
880 2369 1047 2420 testificatio.

199 2438 227 2498 S.
239 2439 267 2491 6.
302 2441 470 2498 sustentare]
492 2438 655 2490 sustentari
678 2441 747 2490 ιον.
767 2440 820 2491 inc.
843 2439 1076 2504 prohaeredum,
1100 2440 1214 2490 sednon

164 2508 340 2574 ostendente,
364 2515 453 2562 norum
471 2519 504 2558 eo
520 2516 630 2568 recepto
646 2508 776 2575 Haedui,
803 2522 839 2560 en
856 2508 928 2561 bello
947 2506 1097 2558 sustentari
1118 2508 1213 2559 dicen·

165 2583 225 2639 tur;
250 2589 319 2638 quee
335 2575 398 2638 ipse
413 2576 576 2640 ambiguitas
591 2577 669 2628 illem
686 2577 852 2641 scripturam
870 2579 945 2628 certe
960 2590 1015 2629 non
1037 2579 1214 2629 commendet.

165 2646 283 2699 videtur
307 2653 397 2696 autem
414 2648 448 2696 de
464 2644 586 2698 Haeduis
605 2647 790 2712 cogitavisse,
821 2659 888 2709 quos
905 2653 996 2696 temen
1013 2658 1067 2696 non
1085 2646 1215 2696 credibile

165 2723 210 2766 est
231 2713 323 2776 Belgis
340 2721 459 2779 tanturn,
484 2714 536 2765 sibi
553 2722 609 2766 tam
625 2715 692 2766 nibil
708 2715 853 2782 tribuisse,
876 2717 906 2765 ut
921 2715 1029 2767 illorum
1044 2714 1156 2765 auxiliis
1171 2722 1213 2766 et-

166 2797 218 2847 que
236 2784 331 2844 opibus
347 2784 377 2833 in
393 2784 474 2834 bellis
492 2784 641 2836 sustentari
658 2784 860 2835 confiterentur.
894 2785 964 2835 Nam
980 2783 1002 2834 ii
1017 2786 1214 2848 sustententur,

166 2854 212 2916 qui
230 2865 292 2902 sese
310 2852 380 2903 tueri
396 2861 541 2916 nequeunt.
576 2853 653 2913 Quod
670 2852 745 2903 side
766 2853 846 2903 bellis
862 2852 1009 2918 cogitavit,
1034 2851 1094 2902 sine
1110 2851 1215 2905 ratione

164 2923 307 2986 vulgatam
324 2922 502 2988 scripturam,
526 2922 555 2971 in
571 2930 625 2985 que
641 2922 775 2976 sententie
791 2923 888 2977 eedem
904 2930 933 2975 ct
948 2921 1112 2975 commodius
1129 2934 1216 2974 enun-

166 2990 235 3045 tiete
251 2991 338 3063 inest,
361 2991 473 3048 minoris
491 2989 575 3048 duxit.

183 3145 211 3209 S.
230 3145 258 3198 4.
297 3147 357 3202 elue
376 3146 484 3200 consilii
502 3147 652 3212 principes]
695 3145 794 3198 tionem
820 3143 939 3198 bibitam
964 3145 1149 3198 referendum.
1164 3151 1217 3197 est.

131 3216 161 3270 it·
180 3229 208 3266 e.
228 3223 361 3270 auctores.
395 3217 438 3268 Gt.
457 3221 491 3282 6,
515 3217 534 3270 4
556 3226 585 3269 et
601 3217 653 3268 44:
696 3217 833 3281 itaquae,
853 3219 896 3284 1³,
913 3214 960 3266 ubi
973 3215 1061 3268 cretio
1075 3223 1217 3281 estrecte,

131 3283 224 3353 Acco,
247 3287 298 3352 qui
312 3287 450 3351 princeps
466 3288 527 3338 eins
541 3285 654 3337 consilii
695 3285 860 3336 indicativus
871 3285 1044 3349 positusest:
1060 3284 1088 3334 ri
1101 3284 1152 3350 oui
1165 3286 1218 3337 ont

133 3356 247 3424 socrat.
276 3352 305 3425 7,
320 3359 356 3408 37
363 3369 371 3405 :
388 3369 453 3407 com
465 3369 496 3406 se
509 3358 556 3409 cel
566 3355 654 3421 prin·
695 3354 833 3422 privatos
852 3357 906 3406 ortt
917 3356 1040 3419 popedon
1052 3366 1155 3408 eorum
1166 3354 1219 3404 de-

132 3425 213 3490 cipes
231 3423 292 3478 eino
311 3425 424 3476 consilii
446 3428 514 3495 fore
531 3423 655 3490 propte·
696 3426 779 3477 creto
798 3438 857 3475 non
875 3424 976 3491 stetit,
1001 3421 1158 3490 sacrificiis
1170 3423 1219 3473 in-

132 3496 252 3548 rentur.
262 3493 548 3560 Ciceroliem.15,15:
563 3506 656 3561 qnon—
697 3492 858 3547 terdicunt.
899 3488 1071 3545 Coniunctivl
1094 3492 1220 3565 exempla

133 3562 194 3616 Ξαιιι
217 3562 280 3614 etos
305 3563 418 3625 consilii
440 3564 578 3631 princeps
602 3573 655 3631 epo
698 3560 1062 3629 sunti,3is.12at15.
1096 3563 1133 3613 ut
1149 3559 1220 3626 qaod

133 3633 228 3701 redosc
245 3631 357 3686 uideor.
398 3633 530 3685 similiter
550 3634 657 3685 caesar
699 3630 837 3698 sequitur,
873 3630 1045 3684 consuerint
1067 3630 1140 3682 idern
1166 3636 1219 3696 est,

133 3701 170 3770 t,
203 3697 256 3754 54:
289 3715 351 3754 esse
381 3705 518 3766 repertos
543 3703 656 3771 dtqoos
698 3701 770 3766 quod
796 3701 925 3763 soleant,
961 3712 1016 3751 nou
1041 3699 1124 3752 soliti
1149 3699 1219 3751 tint.

132 3769 281 3839 principes
300 3770 364 3823 belli
382 3770 540 3839 inferendi.
698 3771 792 3823 Verbo
809 3769 956 3839 incidere,
977 3770 1048 3834 quod
1066 3770 1102 3821 ab
1119 3768 1221 3832 imper-

698 3838 787 3891 sonali
800 3838 934 3892 occidere
946 3838 1148 3892 constructione
1161 3849 1222 3890 na·

186 3905 215 3969 8.
226 3909 253 3959 6.
287 3906 444 3970 inciderint]
461 3906 657 3962 coniunctivae
699 3910 744 3976 gie
757 3921 838 3972 quam
850 3908 1048 3972 significatione
1061 3908 1168 3976 duem,
1191 3905 1221 3957 in

134 3977 268 4031 cretionis
294 3977 419 4042 obliquae
438 3990 524 4030 cause
543 3979 658 4046 pesitus,
701 3979 797 4031 eedem
815 3989 848 4030 re
867 3979 954 4028 utitur
974 3977 1091 4041 scriptor
1109 3980 1145 4046 6,
1170 3973 1222 4028 15:

135 4047 313 4111 praeteritum
327 4049 362 4098 ed
378 4055 485 4111 tempus
503 4057 567 4102 ente
580 4048 660 4100 auxi·
701 4060 768 4102 cnm
787 4047 833 4100 eet
852 4060 923 4100 oens
935 4048 1023 4111 otone
1035 4046 1153 4112 aliquod
1164 4044 1222 4097 bel-

135 4117 359 4185 liumierendun,
372 4129 425 4174 non
436 4124 500 4173 anta
513 4119 583 4171 banc
594 4127 660 4172 oro·
701 4120 762 4172 ιιιιιι
773 4115 888 4173 incidit.
920 4116 1051 4173 Similiter
1068 4118 1098 4203 q,
1117 4119 1151 4169 3:
1174 4111 1224 4168 obi
