2572 4688
118 228 218 333 son
307 276 310 283 ·
385 208 942 327 nnannnoonnurco
1037 278 1040 285 ·

77 445 219 531 erunt,
252 467 289 517 se
313 450 415 537 atque
437 446 518 514 illos
545 445 653 513 elnnl.
727 442 774 511 Hi
794 465 914 514 rnrsne
936 443 972 513 in
991 442 1097 513 tieem
1116 463 1189 512 eone

154 627 304 691 secedunt,
326 622 398 689 quod
413 624 450 675 aa
464 623 637 675 meroni
654 620 788 690 pertinet,
810 622 885 674 nott.
903 634 961 673 see.
978 622 1063 674 Fabr.
1079 621 1154 672 Vrat.
1166 620 1191 669 1.

155 697 208 747 Gn.
231 695 330 746 liamb.
356 699 400 760 et,
430 699 460 741 ut
484 692 608 757 vitietur,
637 692 685 743 Dr.
710 693 736 740 A
760 703 778 742 a
796 706 829 743 un
849 705 905 757 pa,
929 690 975 754 qni
993 704 1056 743 enm
1072 689 1152 741 Vini.
1167 690 1191 738 B.

155 764 230 817 aliea
253 775 302 827 pro
324 763 389 815 ilios
412 762 523 820 (Heme.
547 761 630 811 etiam
647 772 735 826 seque
751 774 802 822 pro
817 773 849 811 ee
864 764 968 826 atque)
991 758 1127 812 exhibent.
1147 759 1193 809 'lix

153 833 271 896 reliquis
295 845 342 894 pro
365 831 537 883 manserunt
559 831 608 881 Dr.
626 830 657 879 ll.
681 832 889 897 muniuerunt,
912 831 986 882 flav.
1003 832 1039 881 a.
1055 838 1193 879 rentottse·

151 904 244 966 runt,
273 901 324 952 01.
348 902 482 966 tranent,
513 900 571 949 Pet.
596 911 654 948 see.
678 898 761 948 liabr.
786 901 869 963 Bong.
895 899 927 951 (l.
951 911 1009 949 seo.
1034 896 1119 948 conl.
1141 898 1194 949 eol.

154 973 248 1022 lirant.
272 970 355 1022 Vini.
378 969 457 1020 iiiiii.
481 974 510 1017 et
533 980 551 1018 a
573 980 608 1017 m.
632 981 656 1017 s.
678 968 725 1018 Dr.
748 968 783 1017 A·
807 969 885 1019 llom.
909 981 935 1021 a
953 970 1025 1018 Med.
1041 978 1071 1018 a.
1088 969 1157 1018 ven.
1173 966 1193 1014 l.

154 1041 243 1093 vaso.
265 1039 317 1090 Gr.
340 1037 647 1103 summoueantur,
671 1036 734 1088 Par.
753 1038 783 1085 ll.
801 1037 884 1089 Vini.
900 1037 936 1087 Δ.
954 1036 1090 1102 Aldinae,
1112 1036 1160 1086 lit.
1174 1047 1194 1086 a

154 1111 196 1160 at.
220 1110 300 1160 Turr.
322 1106 519 1157 remanserint
543 1106 651 1157 habent.
684 1105 833 1158 Praeterea
853 1106 881 1157 in
898 1107 980 1157 Vrat.
998 1108 1030 1158 li.
1047 1105 1150 1168 doum,
1172 1103 1195 1154 in

151 1177 238 1227 vinti.
255 1177 286 1228 c.
303 1175 418 1226 domem
434 1175 543 1237 legitur.
579 1173 700 1238 Denique
719 1173 869 1238 singularis
885 1177 930 1226 est
946 1188 982 1224 ex
1000 1176 1096 1226 eodioe
1112 1173 1195 1225 Latini

153 1244 258 1298 Latinil
275 1242 459 1296 viterbiensis
472 1245 507 1295 ol>
524 1242 625 1315 Vrsino
643 1242 672 1293 in
687 1244 798 1294 liment.
812 1244 922 1307 prolata
935 1241 1017 1294 lectio
1031 1242 1140 1308 reliqui
1152 1244 1196 1295 eit-

154 1314 196 1365 stu'
217 1315 353 1377 musal,
379 1325 436 1377 pro
458 1325 490 1364 ee
512 1313 600 1377 alque
623 1310 681 1363 illie
696 1314 815 1380 edem,
839 1324 920 1377 quam
937 1315 1152 1365 commentatam
1169 1312 1196 1362 alt

155 1382 259 1434 Vrsine
282 1380 393 1444 Lipsius
411 1384 440 1431 et
455 1394 513 1444 sqq.
530 1392 616 1443 usque
633 1382 668 1433 ad
685 1379 728 1432 cl.
744 1388 923 1445 receperunt,
944 1381 988 1432 Cl.
1009 1381 1139 1433 restitute
1156 1377 1197 1447 qat'

156 1450 243 1504 auxit.
276 1453 366 1514 Atque
382 1451 452 1500 lane
468 1448 564 1501 merito
582 1450 651 1501 0ntl.
665 1461 720 1503 non
737 1450 808 1514 quod
826 1449 918 1513 inepta
932 1448 986 1516 sil,
1006 1451 1058 1501 setl
1070 1451 1141 1516 quoti
1154 1463 1197 1503 att·

129 1564 135 1576 .
158 1520 286 1573 ctoritate
300 1527 412 1582 emeat,
429 1516 599 1581 reprobavit.
631 1519 685 1569 Sed
701 1516 882 1583 memorial,
898 1519 968 1581 quoti
985 1518 1058 1569 idem
1075 1532 1112 1569 ex
1129 1526 1197 1581 parte

157 1589 281 1641 ootlourn
302 1600 411 1639 snorum
434 1586 638 1654 („munssrint
654 1586 702 1638 vel
717 1587 889 1639 memorant
906 1587 984 1637 MSS.
999 1586 1058 1638 mel
1072 1582 1198 1644 omnea“)

156 1658 285 1727 repetiit,
306 1668 466 1722 quamquam
483 1656 551 1707 ferri
567 1654 659 1721 ntique
674 1658 781 1720 potest,
797 1654 906 1706 minime
918 1654 1109 1707 necessarium
1122 1667 1198 1719 ueqne

157 1730 216 1781 lata
237 1726 404 1792 praestabile
426 1725 551 1790 vitietur,
577 1732 607 1773 ut
629 1724 738 1785 optimis
762 1723 840 1776 libris
858 1722 954 1774 invitis
970 1723 1086 1779 retineri
1101 1725 1198 1775 tenue

158 1799 230 1849 Nam
246 1796 317 1860 quod
333 1792 447 1845 Heluius
463 1790 627 1845 manentium
643 1805 782 1845 nnmerum
797 1791 955 1844 necessario
971 1791 1108 1845 insertum
1122 1792 1199 1844 tuisse

158 1872 297 1931 anemae,
327 1864 362 1916 atl
391 1863 591 1914 oontunettvum
616 1863 851 1914 commentantem
876 1859 978 1914 nullius
1000 1862 1133 1915 momenti
1155 1868 1199 1925 eat,

160 1936 261 2000 qnippe
279 1945 357 1997 qoem
375 1936 438 1995 post
455 1932 595 1997 quotquot
613 1937 641 1980 et
657 1931 758 1984 similia
774 1932 838 1983 item
855 1931 988 1982 incertum
1002 1944 1146 1984 nnmerum
1167 1930 1200 1981 si·

112 2012 113 2017 ’
159 2001 318 2068 gnifieantia
334 2001 429 2051 sedulo
447 2001 530 2050 vilari
546 2011 565 2049 a
582 1998 759 2061 scriptoribus
775 1999 926 2052 videamus.
962 2000 1150 2061 enatantem
1161 2012 1200 2052 rts

159 2084 215 2124 non
233 2071 317 2125 semel
333 2070 427 2125 iacta,
450 2069 499 2118 setl
514 2067 658 2133 quotannis
676 2069 738 2121 llerl
754 2070 836 2121 solita
850 2071 909 2135 est,
932 2069 1012 2121 ouius
1024 2070 1068 2122 rei
1082 2071 1153 2122 itlern
1164 2068 1200 2118 vir

159 2144 258 2192 doetus
277 2137 500 2202 significationem
517 2138 634 2198 aliquam
651 2137 679 2187 ln
696 2136 869 2190 coniunctius
886 2137 978 2189 inesse
995 2138 1060 2190 vult
1076 2143 1156 2199 (nam
1168 2136 1201 2189 ita

159 2222 221 2260 eun
245 2209 370 2258 annuat:
398 2200 452 2264 Die
469 2201 615 2270 tetriore,
642 2201 719 2269 fotiel
736 2202 806 2273 lires
820 2200 944 2273 §tholmai
960 2216 992 2276 po
1010 2198 1105 2276 boote
1119 2201 1200 2274 pelle

158 2274 210 2333 {ltu
235 2276 296 2343 itqtt
320 2268 429 2341 mepte)
454 2287 508 2326 non
531 2275 618 2336 magis
643 2278 695 2327 inno
717 2276 813 2327 iacere
831 2290 865 2327 ex
883 2289 916 2328 eo
931 2277 1116 2342 intelligitur,
1140 2276 1201 2341 qnel

159 2350 243 2400 etlam
265 2341 446 2398 coniunctioni
469 2356 534 2395 enm
556 2356 604 2405 pro
623 2344 734 2409 quoties
749 2347 856 2410 positae
871 2344 1036 2396 indicativus
1055 2344 1202 2411 praesentis

159 2425 189 2467 et
205 2414 318 2479 perieeti
335 2413 410 2476 iungi
428 2415 508 2465 solet·
543 2415 636 2475 Neque
653 2426 761 2479 eornm,
785 2427 852 2479 quos
864 2414 935 2465 idem
948 2415 1073 2478 soulert,
1090 2419 1202 2473 lotorem

158 2487 235 2539 ullus
253 2487 300 2536 ant
320 2493 459 2533 numerum
475 2481 607 2533 incertum
625 2484 673 2538 aul
688 2496 747 2534 rem
763 2483 874 2545 saepius
891 2481 952 2533 lieri
968 2485 1080 2536 solitam
1098 2485 1202 2537 eonion-

159 2555 236 2607 etito
251 2550 431 2616 significatam
447 2551 544 2614 habet,
567 2559 596 2601 et
612 2549 640 2601 in
654 2553 791 2615 plerisque
808 2554 956 2603 seeundum
972 2555 1085 2605 cedices
1103 2554 1202 2605 indies·

159 2623 236 2675 tlvne
260 2621 428 2684 reponentlns
452 2629 503 2669 est.
545 2622 640 2683 ltaque
656 2625 782 2681 superest
799 2629 829 2671 nt
845 2635 932 2684 genus
949 2623 1086 2674 hominurn
1103 2624 1202 2687 eogita-

159 2692 235 2745 tlone
257 2690 478 2751 comprehensum
495 2691 577 2752 atque
594 2702 612 2740 a
629 2690 770 2741 mansione
787 2690 874 2752 petito
889 2693 954 2743 uota
969 2691 1129 2756 insignitum
1145 2702 1203 2756 pro-

71 2761 75 2777 ¹
158 2761 226 2826 poni
249 2768 277 2810 et
300 2758 432 2810 rationem
454 2755 620 2810 oonlnnotivi
641 2761 770 2827 eandem,
792 2772 873 2821 qnam
891 2758 921 2812 in
937 2759 1056 2813 dictione
1071 2764 1143 2814 sunl
1160 2760 1204 2827 φά

160 2831 261 2885 (litam
284 2831 313 2880 el
336 2825 470 2879 similibus
492 2841 556 2878 esse
578 2829 739 2880 statuamus.
779 2829 855 2889 Quod
877 2837 908 2878 nt
931 2829 999 2880 terri
1023 2833 1153 2899 deberet,
1180 2831 1204 2880 si

136 2944 146 2953 .,
160 2912 255 2952 omnes
270 2894 335 2948 iibri
351 2897 380 2947 ln
396 2896 597 2948 coniunctivum
614 2897 813 2965 consentirent,
836 2897 877 2947 ita
889 2903 1059 2965 repugnante
1075 2900 1204 2954 vetustis-

160 2969 289 3022 simorum
304 2964 457 3016 testimonio
473 2964 579 3019 nonnil
596 2966 725 3032 scriptori
739 2978 793 3019 non
807 2967 897 3021 delet.

194 3037 223 3100 S.
238 3036 264 3090 5.
297 3034 327 3089 ia
342 3034 446 3095 vloetn]
469 3045 521 3087 om·
537 3035 621 3088 Voss.
638 3038 672 3087 A.
688 3037 769 3089 vrat-
787 3037 821 3088 Δ.

126 3207 187 3264 riae
197 3207 302 3262 ratione
312 3207 369 3259 vim
379 3215 407 3260 et
415 3208 540 3262 effectum
554 3221 647 3261 eorum
743 3206 770 3270 S.
785 3207 811 3261 5.
846 3206 883 3260 ili
894 3220 992 3260 rursus
1005 3206 1035 3273 ip
1048 3206 1152 3269 vicem]
1169 3207 1206 3260 lli

126 3280 210 3331 minnl
233 3291 348 3329 neeesse
369 3278 475 3347 luisse,
508 3278 646 3330 historiam
689 3279 907 3340 seminantur,
923 3278 1114 3331 milleealtis
1127 3280 1205 3330 intel-

128 3349 242 3412 tleniqne
257 3348 336 3398 fldem
349 3348 452 3415 iacere,
471 3361 531 3400 oum
544 3349 649 3411 Vsipe-¹
688 3348 790 3411 ligendi
799 3356 868 3397 sunt.
893 3350 1012 3399 Rursus
1025 3357 1127 3415 antem,
1140 3350 1206 3413 qnotl

127 3426 172 3467 tes
185 3426 213 3467 et
226 3419 374 3466 Tencteros
388 3419 538 3479 complures
559 3429 646 3468 annos
689 3417 874 3479 repetitionem
888 3417 1045 3484 signifieat,
1070 3419 1096 3469 si
1111 3420 1146 3469 ad
1161 3421 1205 3468 lto-

127 3488 301 3551 exagitasse,
334 3487 420 3536 Vbios
443 3487 535 3538 multis
561 3499 646 3549 saepe
689 3499 748 3537 rum
762 3487 894 3537 actionem
909 3487 989 3537 nnius
1001 3487 1069 3538 anui
1081 3487 1162 3551 quasi
1173 3488 1207 3538 etl

127 3556 208 3605 bellis
222 3552 331 3619 experti
342 3565 429 3606 tannen
441 3556 539 3607 linibus
549 3559 645 3617 expel-
687 3557 803 3606 alterum
816 3555 890 3604 vitae
909 3564 999 3607 actum
1020 3557 1157 3622 retertur,
1178 3563 1206 3606 nt

127 3625 183 3674 lere
197 3636 249 3675 non
262 3623 382 3686 potuisse
396 3624 482 3683 (inira
493 3639 517 3676 o.
526 3629 559 3684 ³)
573 3626 645 3676 ullas
688 3636 771 3674 sonos
784 3627 813 3675 in
827 3626 913 3673 verba
925 3625 957 3674 in
969 3624 1066 3677 armis
1076 3630 1148 3677 eunt
1160 3638 1205 3676 ea-

24 3742 27 3747 ,
127 3694 164 3743 ad
177 3694 298 3743 Rhenum
312 3695 340 3743 et
353 3693 382 3742 in
396 3694 515 3745 Galliam
529 3707 561 3744 se
578 3707 644 3746 con·
688 3694 751 3758 dat,
770 3694 857 3744 simile
871 3694 965 3758 titini,
982 3693 1206 3758 qnodinlrao.l

128 3762 247 3811 vertisse
259 3761 341 3811 suevi
356 3765 506 3814 tranantur.
688 3761 746 3821 §.5
769 3760 892 3828 (rursus
912 3767 1123 3831 reverterant)
1146 3773 1173 3814 et
1189 3766 1207 3814 3

180 3843 212 3879 se
224 3839 304 3891 atquo
318 3830 382 3880 illos
396 3832 486 3890 alunt]
504 3832 539 3882 fl.
554 3845 579 3886 e.
594 3832 646 3882 sibi
690 3835 724 3880 12
742 3832 768 3891 S.
784 3834 797 3882 l
816 3836 939 3889 (retrone
951 3834 1099 3886 tninttenle
1112 3835 1207 3890 uesta)

128 3901 210 3962 atque
231 3899 286 3949 illis
304 3898 407 3950 vietum
425 3906 582 3962 comparant
599 3918 647 3952 eo·
689 3905 717 3950 ot
739 3904 770 3963 t,
795 3903 828 3951 25
850 3901 876 3958 s.
898 3901 914 3951 5
946 3905 1070 3959 (rursus
1096 3904 1206 3955 irrotare

130 3968 237 4032 tennis,
259 3970 289 4015 nt
301 3978 318 4015 e
332 3966 506 4031 sequentibus
524 3980 647 4035 apparet,
690 3975 719 4022 el
732 3971 875 4034 proelium
887 3971 1099 4035 redinteqrare
1109 3984 1207 4035 coepe-

130 4037 216 4101 aqris.
250 4035 294 4085 Gi.
314 4035 348 4099 8,
371 4035 407 4089 47
428 4039 596 4106 (Commius)
616 4055 647 4093 se
690 4042 778 4098 reru)
796 4042 909 4101 legitur:
929 4040 973 4090 sin
989 4043 1025 4091 ati
1038 4044 1123 4105 hane,
1139 4054 1207 4104 qnae

131 4119 254 4170 uterque
266 4105 430 4159 latrociniis
442 4109 542 4162 meiol.
692 4109 787 4161 verbis
806 4109 837 4158 in
856 4121 942 4161 orreo
960 4111 1031 4162 torst
1045 4112 1206 4177 declaratur,
