2572 4688
351 279 500 359 ins.
525 278 614 360 un.
655 238 781 358 cnr.
805 283 858 354 aa
906 259 949 333 Υ
1045 349 1060 403 ,ἱ
1100 282 1169 355 ero

78 478 183 560 atque
206 469 256 538 ibi
278 469 315 538 in
335 472 492 542 omnibus
514 472 660 541 collibus
684 471 858 561 expositos
882 470 1030 539 bostium
1050 472 1190 562 copias

78 566 231 627 armatas
254 562 444 648 conspexit.
508 552 698 629 Gnidiooi
716 563 1042 640 hasteriensium,
1065 568 1168 648 atque
1189 567 1210 627 3

77 651 130 716 iia
144 648 313 717 montibus
332 652 487 736 angustis
500 670 593 717 mare
609 649 863 749 continebatur,
883 649 936 716 uti
951 670 992 757 eu
1008 648 1094 715 loeis
1111 671 1171 716 su-

112 805 206 873 niam,
222 800 346 859 diurnum
363 806 451 859 inisse
469 821 505 859 ex
524 819 558 858 eo
576 806 668 872 colligi
680 815 791 875 potest,
804 809 875 872 qnod
891 807 965 858 bora
981 818 1043 858 eam
1060 807 1172 874 quarta

114 875 242 939 attigisse
265 876 382 945 diciim,
406 889 478 940 quae
502 879 575 930 solet
599 890 664 927 esse
688 879 774 940 partis
792 879 846 928 diei
865 876 1039 941 significatio.
1074 877 1172 941 ltaque

114 958 213 997 nomen
233 945 292 998 diei
313 960 368 998 nou
387 957 421 998 eo
439 948 589 998 addendum
606 947 676 1012 tuit,
701 960 752 1011 quo
770 960 805 996 ne
821 949 910 998 noctis
928 949 1050 1007 tempore
1067 946 1172 1014 aliquo,

116 1017 168 1066 sesi
184 1026 220 1065 ne
234 1019 336 1079 quarta
353 1018 414 1077 post
432 1018 626 1078 profectionem
644 1018 712 1067 hora
730 1016 856 1080 attigisse
874 1016 1041 1066 Britanniam
1056 1015 1172 1066 vitere-

114 1091 180 1153 tur,
197 1083 277 1148 idque
295 1084 393 1135 melius
411 1098 461 1152 ea,
485 1098 565 1150 quem
582 1084 691 1137 codices
708 1085 817 1149 plurimi
834 1087 978 1152 exhibent,
1001 1096 1082 1151 quam
1099 1096 1172 1149 quae

116 1154 153 1202 ab
178 1153 246 1204 Oui.
270 1154 396 1205 instituta
420 1157 478 1221 est,
504 1155 652 1206 verborum
669 1155 845 1218 dispositione
862 1155 991 1205 efficitur.
1024 1154 1095 1213 (Pro
1111 1152 1192 1206 Μ’

115 1222 164 1273 Dr.
181 1224 237 1271 AB.
256 1224 303 1275 die
320 1224 437 1292 nabent,
455 1225 489 1274 tie
507 1238 559 1288 quo
577 1227 614 1274 ci.
633 1225 695 1275 adn.
712 1237 753 1275 cr.
770 1226 806 1275 ad
823 1228 858 1294 2,
874 1229 910 1275 23
927 1225 954 1285 S.
974 1225 1016 1282 1.)

153 1290 180 1350 S·
198 1296 225 1342 3.
259 1296 335 1355 erat]
370 1304 422 1344 om.
441 1292 519 1347 Gerr.
537 1295 597 1344 coti.
612 1296 692 1345 Turn.
711 1294 782 1346 nuk.
802 1295 832 1344 et
848 1306 866 1345 a
883 1307 919 1345 tn.
937 1303 980 1355 pr.
997 1289 1078 1342 [leiti.¹
1092 1292 1127 1341 A.

153 1368 235 1423 atquc
252 1359 307 1422 ita]
343 1364 422 1415 codd.
446 1362 553 1416 Glarkii
570 1365 599 1415 et
613 1362 736 1425 plerique
756 1364 840 1424 ouri,
864 1363 924 1414 Pet.
943 1363 1018 1412 Gott.
1034 1361 1119 1411 Voss.
1136 1360 1173 1409 A.

117 1431 195 1491 Egm.
219 1431 290 1481 Lov.
316 1442 374 1483 sec.
396 1433 479 1484 Febr.
502 1419 587 1501 hong.
607 1436 642 1485 A.
662 1433 712 1486 Iir.
729 1433 786 1483 AB.
814 1432 897 1483 Vrat.
913 1430 993 1481 ABG.
1019 1429 1175 1480 (intonit.

68 1529 74 1534 ·
118 1499 202 1550 Vinii.
228 1500 320 1552 noni.
349 1502 601 1554 Hemb.11av.A.
626 1515 688 1553 cum
709 1503 771 1554 edd.
795 1503 859 1551 ante
884 1501 926 1551 lu.
947 1500 1021 1552 adeo
1035 1501 1102 1550 VV.
1118 1495 1175 1548 00.

118 1568 187 1617 Vrs.
209 1567 239 1619 in
260 1572 323 1621 not.
346 1572 424 1636 („in
443 1585 503 1624 mco
520 1566 617 1624 libro“
640 1571 757 1623 iteruin
775 1572 903 1632 Ειιιοιιᾱ.)
920 1571 992 1621 And.
1007 1567 1060 1620 iix.
1078 1568 1107 1618 S·
1124 1567 1175 1618 cu.

117 1636 195 1686 Laid.
212 1639 247 1686 A·
268 1644 298 1690 et
316 1642 407 1691 addito
423 1654 458 1692 eo
474 1640 557 1693 Vini.
576 1643 611 1693 A.
625 1639 667 1692 Iu.
684 1644 713 1691 et
730 1655 789 1706 sqq.
1184 1668 1186 1675 ·

153 1707 289 1757 montibus
314 1709 452 1777 angustis]
487 1710 629 1762 montium
653 1710 798 1776 anqustiis
821 1706 905 1758 Vinii.
928 1708 979 1773 A.,
1001 1706 1176 1770 quenadmo-

119 1775 184 1824 dum
208 1778 382 1831 scribendum
406 1782 537 1834 censebat
553 1779 726 1832 ciacconius.
761 1779 795 1830 ln
810 1777 884 1828 ven.
901 1778 945 1827 de.
964 1776 1108 1827 montibus
1125 1788 1177 1828 ex-

118 1844 193 1894 ciuit.
1189 1844 1191 1847 ’

152 1925 229 1964 mare
245 1915 447 1976 continebatur]
481 1916 514 1969 ln
532 1917 595 1968 Pet.
612 1929 669 1967 seo.
686 1912 774 1969 (ionii.
793 1924 877 1965 mere
889 1912 1036 1980 omissum,
1054 1911 1083 1963 in
1096 1912 1179 1964 Goth.

119 1982 156 2032 A.
174 1995 258 2035 more
274 1987 481 2052 contuebatur,
499 2000 560 2050 sup.
577 1999 596 2038 a
611 2000 647 2037 m.
664 1998 687 2034 s.
706 1985 785 2050 tine,
803 1984 934 2044 scriptum
947 1991 1000 2033 est.
1017 2010 1054 2025 -
1072 1983 1179 2033 uorum

119 2053 253 2115 pleraque
278 2055 363 2105 facile
387 2056 550 2122 intelligitur
575 2059 624 2107 vel
647 2067 743 2107 errore
766 2054 815 2104 vei
843 2052 993 2105 temerario
1016 2051 1191 2104 emendandi

76 2124 77 2128 ’
120 2131 222 2173 conatu
248 2125 423 2187 vulgatorum
446 2125 475 2185 in
497 2128 588 2178 locum
612 2125 733 2175 suffecta
750 2121 946 2175 dubitationem
962 2124 998 2172 ‹ie
1014 2123 1109 2172 horem
1126 2134 1181 2172 ve·

122 2190 205 2240 ritate
228 2189 343 2243 iniicere
365 2207 419 2246 non
443 2207 535 2258 posse.
577 2198 674 2246 Vnum.
692 2195 797 2259 possit,
824 2192 896 2243 arico
915 2205 964 2268 prp
986 2192 1076 2258 atqtte
1099 2190 1180 2242 itae

122 2260 323 2312 recentioribus
340 2266 401 2314 edu.
419 2265 584 2330 exhibitum,
608 2265 681 2328 quoi
699 2263 768 2314 out.
785 2273 818 2314 en
834 2263 1025 2325 commendat,¹
1042 2262 1114 2324 quoti
1130 2261 1182 2311 ct-

123 2340 179 2392 que
202 2329 240 2379 ibi
261 2333 343 2394 partio
367 2341 431 2383 ante
449 2345 467 2383 a
482 2333 618 2396 scriptore
635 2333 753 2394 positum
770 2330 817 2381 sit.
850 2331 905 2382 scd
922 2329 1042 2382 eiosrei
1057 2341 1181 2382 momen·-

123 2404 181 2464 tum
200 2398 327 2462 exiguum
344 2414 409 2451 esse
425 2404 552 2464 apparet.
586 2401 631 2452 01.
649 2403 712 2452 adn.
729 2414 769 2451 cr.
787 2401 823 2450 ati
840 2412 865 2450 c.
880 2401 916 2453 17
932 2399 959 2459 S·
974 2399 1003 2450 8.
1035 2400 1079 2448 Ex
1095 2398 1181 2450 vinu.
1224 2432 1228 2441 ·

123 2467 159 2514 A.
183 2467 321 2527 scriptura
344 2477 373 2519 et
391 2481 426 2517 ex
441 2481 492 2535 eo,
514 2471 585 2533 quod
602 2470 676 2521 liav.
694 2469 729 2518 A.
746 2471 835 2533 atquc
851 2467 896 2518 ita
917 2474 1009 2530 tenet,
1026 2465 1180 2516 verisimile

123 2532 156 2583 nc
178 2534 293 2595 primum
312 2536 341 2585 in
357 2536 449 2598 aliquo
466 2550 576 2604 eorum,
599 2538 646 2599 qui
662 2538 697 2586 ad
715 2538 767 2589 hoc
784 2548 870 2598 genus
889 2537 1043 2599 pertinent,
1065 2546 1115 2597 pro
1131 2535 1182 2584 at-

126 2612 181 2664 que
205 2602 338 2663 scriptum
360 2604 449 2653 foisse
467 2605 580 2670 adque,
600 2607 632 2655 nt
648 2603 732 2655 scribi
749 2615 767 2654 a
783 2604 920 2653 nonnullis
938 2604 1061 2669 solebat,
1084 2601 1183 2652 deinde

125 2681 195 2719 casu
218 2670 377 2721 oblitterata
394 2671 524 2723 enclitica
541 2687 574 2724 eo
590 2685 654 2723 esse
670 2674 792 2735 illatum,
816 2673 931 2734 denique
948 2673 1011 2735 itu,
1025 2671 1096 2733 quod
1112 2671 1184 2721 terri
1271 2697 1275 2709 ·

123 2737 178 2788 iam
203 2749 257 2790 nou
279 2743 404 2806 poteret,
427 2741 556 2793 neietum·
591 2744 632 2796 Vt
653 2741 870 2793 coniunctionem
887 2739 928 2789 sic
946 2742 982 2792 ad
998 2740 1052 2789 duo
1069 2739 1182 2790 diversa

125 2808 264 2859 vocabula
286 2811 403 2861 relatam
427 2811 509 2861 habet
533 2821 558 2862 c:
577 2813 620 2862 17*
635 2809 662 2871 S.
679 2812 698 2863 8
719 2812 748 2870 et
769 2811 806 2860 ibi
829 2810 966 2860 adhibitus
983 2811 1062 2861 locus
1078 2807 1113 2875 5,
1129 2808 1183 2872 433

125 2879 278 2940 pronomini
303 2879 517 2933 demonstrativo
541 2881 693 2931 subiectam
711 2883 746 2943 ³,
762 2882 798 2929 22
821 2890 947 2945 qnorum
962 2878 1033 2930 baec
1049 2879 1096 2929 cat
1111 2888 1183 2931 con-

126 2946 217 3014 ditio,
242 2945 329 3001 ut'-
346 2951 502 3016 frenatur.
533 2948 647 3017 citez,
665 2951 700 3002 18
722 2950 803 3000 ratio
818 2951 918 3000 entem
934 2949 1005 3000 baec
1021 2949 1091 3000 erni
1107 2946 1184 3013 beiti,

126 3019 162 3067 at
178 3029 209 3068 ca
226 3043 260 3056 -
277 3019 440 3086 conferret.
476 3019 511 3070 In
532 3020 623 3070 altera
641 3019 781 3081 scriptura
798 3030 886 3083 neque
901 3019 975 3071 ααοο
992 3017 1063 3069 satis
1080 3017 1184 3082 placet,

67 3135 69 3140 .
127 3085 192 3148 quia
204 3084 327 3149 ‘simplex
343 3085 686 3153 continente-signiticetio
704 3087 824 3155 suiiieit,
847 3098 936 3152 neque
953 3087 1077 3142 breniae
1093 3085 1184 3151 expli-

48 3187 56 3195 .
127 3155 243 3207 cationis
259 3157 303 3209 iili
319 3154 398 3222 quasi
408 3156 550 3220 prooemio
566 3159 770 3210 accommodata
787 3159 839 3208 est.

162 3225 217 3289 uti]
251 3229 288 3282 ct
304 3227 365 3280 net.
383 3237 439 3280 sce.
457 3227 544 3281 conii.
561 3227 613 3281 Dr.
628 3229 660 3279 B.
684 3226 768 3280 Vini.
783 3224 842 3279 AO.
858 3225 900 3278 st.
917 3223 967 3278 tir.
983 3225 1011 3278 b.
1028 3223 1134 3277 Graes.

92 3387 97 3394 ·
148 3382 303 3445 expositas]
321 3381 410 3448 Magi
418 3383 549 3436 usitatum
558 3378 621 3437 erat
663 3394 715 3435 seu
736 3380 815 3433 cuius
835 3374 1090 3433 tiemetn'trcves
1109 3381 1184 3445 sunt,
1275 3419 1285 3433 ,

97 3451 265 3518 dispositos.
291 3453 355 3503 ¹Seii
374 3453 526 3516 significari
539 3454 620 3504 virie-
663 3451 711 3518 qui
730 3451 801 3503 muri
823 3448 1001 3515 seuparietis
1015 3451 1185 3516 instarent,

97 3525 144 3573 tur
174 3521 238 3573 ilias
269 3521 359 3587 magis
387 3525 423 3574 ad
451 3525 620 3601 terrendum,
663 3521 742 3586 quasi
755 3535 808 3575 non
821 3527 931 3585 notare,
949 3521 1186 3583 seimanuieota

98 3603 180 3657 qnam
215 3599 246 3641 nt
281 3603 400 3657 pugnam
432 3598 620 3660 capesserent,
662 3592 758 3644 moles.
794 3589 1007 3655 itaque-cicero·
1020 3590 1079 3640 Ati.
1093 3587 1128 3659 t,
1149 3592 1185 3641 16

100 3659 308 3722 conspiciendas
329 3672 360 3709 se
377 3663 551 3725 praebuisse.
650 3659 691 3722 »9.
713 3664 748 3712 13
775 3661 872 3723 scribit
892 3673 918 3711 a.
938 3661 992 3712 700
1016 3658 1186 3713 Britannice·

154 3729 180 3790 S.
191 3733 219 3780 3.
242 3727 379 3780 montibus
395 3726 538 3796 augustis]
553 3730 620 3782 Cum
662 3730 1067 3801 belii·enitua:„easpeetutnr.
1108 3727 1184 3780 Gon-

101 3799 503 3864 acpnstnmcontrariumiato
517 3801 620 3852 et'am-
663 3801 726 3852 stet
749 3800 825 3851 enim
851 3800 953 3851 aritine
981 3799 1095 3850 macine
1121 3808 1185 3850 esee

101 3871 163 3932 pios
177 3867 294 3931 undique
308 3867 501 3922 iintshabenti
510 3869 621 3922 etitem
663 3865 791 3922 neumas
803 3868 935 3936 mirificis
946 3864 1076 3919 menbra.
1099 3868 1185 3918 Eius-

93 3939 180 4003 'i'erc,
204 3939 274 4000 quoi
294 3938 497 4006 contractum,
525 3939 620 3993 adda
663 3936 736 3991 modi
754 3936 872 3992 'montes
901 3936 1042 3990 inssnorse
1076 3937 1185 4000 potios,
1231 3942 1238 3979 i

101 4010 182 4059 anm
198 4007 351 4075 significet,
377 4012 519 4074 aepactas
538 4022 621 4060 morto
664 4019 744 4072 quam
762 4009 791 4060 iu
812 4006 955 4061 cacumine
972 4007 1122 4069 fastigatas
1141 4006 1185 4056 ia·

102 4077 128 4132 is
139 4074 194 4128 dici
205 4078 333 4141 videtur,
349 4077 427 4128 cuins
438 4077 564 4145 opposita
575 4081 620 4129 la'-
663 4081 725 4131 tera
752 4090 807 4130 non
836 4079 936 4131 leniter
959 4075 1099 4142 ecclisia,
1136 4075 1186 4124 sed

101 4153 164 4202 tere
176 4158 230 4202 nou
244 4147 356 4201 multam
371 4147 444 4204 inter
462 4162 494 4202 se
507 4149 620 4217 mant
663 4156 829 4219 praerupta,
852 4154 995 4216 ao'poeno
1010 4145 1118 4200 bretta
1134 4146 1186 4197 ba·
