2572 4688
143 279 211 348 ,190
377 210 383 221 '¹
405 268 478 341 na
503 267 684 341 aucto
711 268 963 347 cancico

149 467 225 534 dine
248 479 427 550 corporum
452 480 591 549 suorum
615 459 765 529 hmvitas
789 465 907 529 ausim
927 462 1140 554 contemptui
1155 464 1233 546 est)

150 554 237 621 tanti
268 549 380 616 oneris
401 549 523 614 turrim
542 548 578 615 iu
601 569 697 615 muro
721 570 797 616 sesa
817 550 985 617 collocare
1005 546 1234 621 confiderent?

149 648 207 714 31.
226 637 298 709 Vbi
311 657 391 706 voro
404 636 531 703 moroni
544 643 580 725 11
593 634 862 726 adpropinquare
877 636 1052 707 moenibus
1067 638 1235 723 viderunt,

158 846 161 853 ·
181 818 256 872 scol.
274 816 377 866 creev.
391 811 464 864 ileu.
480 808 522 864 cl.
538 818 567 863 11
581 810 731 879 plerisque
745 819 808 875 post
824 802 982 865 1111111111
997 812 1090 866 Gallis
1104 812 1233 867 voees.

184 890 213 940 in
237 899 280 936 ex.
301 884 383 936 Febr.
407 884 506 934 habere
524 881 631 933 dicitur.
657 884 829 948 pleramque
846 882 1002 933 1111111111
1018 883 1099 936 carr.
1116 885 1191 936 Dok.
1207 896 1234 937 st

183 970 203 1010 a
224 968 261 1007 m.
285 967 308 1003 s.
333 953 411 1003 Goth.
434 953 486 1016 1.,
512 949 541 1001 in
558 963 610 1014 quo
627 962 645 1001 a
661 965 697 1004 uo.
714 964 757 1015 pr.
783 953 997 1018 plurimumque
1012 952 1233 1019 omniinterot.

138 1048 141 1053 ·
186 1021 373 1078 canturiensis
395 1020 462 1072 libri
486 1020 649 1082 scripturam
668 1020 755 1071 menti
771 1028 836 1071 suut
851 1021 977 1087 Lipsius,
991 1022 1070 1074 ⁰0ud.
1088 1031 1234 1076 11111111-

185 1092 285 1156 tiores,
308 1101 426 1158 vereor,
449 1097 479 1141 ut
502 1092 587 1140 recte.
627 1089 739 1149 Quando
761 1089 832 1140 enlm
855 1102 908 1141 non
932 1097 1134 1141 contemnerent
1160 1092 1233 1145 Galli

137 1178 141 1183 ·
184 1165 365 1217 Romanorum
379 1153 563 1210 brevitatem?
597 1159 686 1221 Atque
700 1165 730 1208 ut
746 1157 815 1208 ferri
829 1158 880 1210 illa
898 1159 1037 1222 scripture
1051 1159 1234 1225 poenitetita

184 1229 333 1294 explicari,
357 1235 388 1278 at
408 1228 480 1291 quod
496 1229 652 1289 plerumque
670 1225 819 1277 homlnlbus
835 1228 999 1291 contemptui
1014 1227 1068 1293 sit,
1090 1228 1121 1281 id
1139 1241 1158 1280 u
1173 1231 1233 1293 ple-

184 1303 277 1365 risque
292 1297 426 1349 contemni
441 1295 626 1361 existimetur,
651 1307 704 1357 quo
720 1296 800 1348 modo
814 1297 987 1362 plerumque
1003 1292 1036 1361 t,
1052 1297 1070 1349 t
1087 1296 1115 1358 8.
1129 1300 1145 1349 1
1163 1303 1232 1367 eit,

137 1404 140 1409 -
185 1376 220 1423 1³
237 1376 306 1419 extr.
324 1366 439 1431 dicitur,
462 1363 592 1415 anteferri
610 1363 693 1415 alteri
710 1377 729 1416 u
744 1364 881 1416 codicibus
901 1368 985 1421 multo
1002 1365 1116 1419 firmiori
1138 1374 1166 1417 et
1182 1381 1233 1431 per

184 1452 215 1489 se
229 1438 315 1488 nillilo
327 1433 457 1486 deteriori
471 1444 524 1484 non
538 1433 625 1484 debet.
658 1431 703 1483 01.
716 1431 742 1495 t,
759 1433 810 1486 ⁵72
827 1434 939 1500 equites
948 1436 1122 1502 pleramque
1135 1448 1232 1488 ommes

183 1510 244 1562 telo
266 1507 349 1557 intra
371 1505 481 1556 oollam
503 1500 700 1552 coniiciebont.
735 1501 768 1565 7,
784 1499 835 1554 ot:
859 1505 955 1554 omnia
970 1505 1046 1555 emm
1059 1507 1233 1573 plerumque

184 1576 391 1645 coacuisset,
414 1572 610 1624 uehementius
626 1569 772 1623 lominum
789 1575 899 1626 mentes
914 1573 1108 1642 perturbant,
1133 1577 1231 1638 quitus

182 1647 252 1700 locis
270 1643 372 1708 pariter
389 1649 469 1705 atque
482 1642 712 1706 doctiorumque
723 1640 858 1692 notionem
871 1643 997 1693 omnium
1009 1643 1096 1694 allicit
1108 1651 1137 1693 et
1150 1645 1231 1715 idem,

183 1717 252 1783 quod
268 1725 359 1778 poene
376 1711 521 1776 significat.
553 1709 684 1760 similiter
702 1708 863 1761 Germanice
881 1706 1018 1777 1111111111
1035 1712 1144 1764 dicitur.
1167 1726 1171 1737 ¹

216 1785 245 1835 in
261 1784 351 1843 muro]
375 1783 404 1830 S.
420 1781 546 1834 11111.
563 1778 646 1829 vind.
662 1778 696 1826 A.
712 1779 756 1827 ed.
775 1780 866 1841 steph.
887 1781 919 1831 ia
931 1793 1030 1832 maroe
1042 1781 1142 1848 reliqui
1154 1782 1232 1833 codd.

183 1857 212 1907 et
236 1854 313 1917 edd.,
338 1851 409 1913 quod
432 1849 477 1912 qui
500 1849 615 1912 prohont
631 1853 659 1897 et
675 1846 725 1914 ia,
745 1854 775 1896 ut
792 1846 876 1914 oud,
898 1849 987 1902 tecta
1006 1850 1230 1915 interpretantur,

182 1924 240 1972 uim
263 1919 368 1972 iaciunt
388 1918 521 1982 liuguae,
541 1917 587 1980 qui
605 1917 747 1968 aduerunt
762 1928 813 1965 acu
829 1920 953 1986 contro,
975 1919 1095 1982 ineptam
1110 1919 1231 1972 inierunt

126 1994 130 1999 '
183 1990 361 2053 seutentiam,
393 2001 455 2038 cum
478 1986 560 2036 etlam
585 1984 848 2048 procul,coustituia
871 1989 956 2039 turris
978 1990 1116 2040 adversus
1137 2001 1230 2040 muros

184 2067 260 2123 esset
282 2059 426 2111 collocata.
460 2056 537 2118 Quod
560 2053 586 2105 si
607 2054 639 2106 tn
655 2066 755 2114 maroe
774 2055 904 2119 scriptum
918 2071 937 2110 a
952 2054 1229 2123 cmssrspummus,

182 2128 373 2182 accusativum
394 2137 444 2188 pro
466 2122 588 2177 ablativo
611 2124 727 2187 positum
744 2123 901 2177 existimare
917 2138 1005 2190 neque
1019 2139 1067 2195 eo,
1091 2129 1163 2190 quod
1177 2128 1229 2179 Li-

181 2199 270 2262 psium
285 2196 407 2258 aliosque
425 2194 459 2245 alt
475 2195 527 2244 loc
543 2190 649 2244 ratione
666 2193 815 2281 deterret,
842 2197 912 2259 quod
928 2194 1015 2247 turris
1029 2193 1136 2259 inipso
1152 2207 1230 2247 muro

181 2266 268 2319 locari
291 2277 344 2315 non
370 2261 502 2329 potuerit,
526 2262 632 2313 moveri
654 2263 792 2341 debemua
831 2264 967 2317 Aduatuci
989 2265 1078 2330 enim,
1107 2267 1229 2317 hommes

129 2352 133 2361 ·
182 2334 316 2398 imperiti,
347 2331 375 2382 id
398 2332 486 2394 ipsum
501 2332 596 2381 conari
611 2333 747 2382 Romanos
762 2334 909 2384 credebant
924 2340 952 2384 11
967 2342 1114 2395 propterea
1128 2334 1229 2386 irride-

130 2430 133 2437 ·
181 2407 256 2456 bant.
297 2406 356 2455 Nec
379 2403 478 2452 desunt
498 2400 649 2451 huiusmodi
670 2402 824 2452 accusativi
845 2403 914 2463 apud
932 2402 1140 2465 probatissimos
1156 2405 1228 2454 acri-

181 2483 273 2538 ptores
297 2473 431 2531 exemplo.
465 2467 508 2520 ci.
525 2469 624 2520 llandii
641 2469 757 2520 Turseli.
772 2475 803 2538 3,
821 2483 847 2532 p.
861 2473 913 2521 106
925 2483 984 2536 sqq.
1000 2473 1030 2521 ct
1045 2473 1149 2523 salust.
1167 2473 1227 2541 lug,

181 2546 231 2594 dl:
262 2539 426 2592 coercitam
449 2537 480 2589 tn
499 2538 695 2605 prouinciam,
718 2552 790 2604 qaae
805 2552 952 2603 promuma
967 2541 1124 2593 Numidiae
1131 2575 1141 2609 ,
1163 2542 1230 2597 1111·Ι

180 2611 279 2664 modi
301 2609 403 2677 pratia
425 2609 565 2660 conlocat.
599 2609 651 2657 Sed
669 2609 811 2660 collocare
829 2609 861 2658 ta
877 2621 976 2660 moror
994 2621 1012 2659 a
1027 2608 1158 2673 01111111
1174 2624 1228 2660 usu

179 2681 298 2733 alienum
322 2692 372 2729 uec
396 2679 603 2739 comparandum
620 2690 681 2728 cum
696 2676 745 2727 iilo
762 2685 821 2744 est,
850 2680 922 2740 quod
939 2681 970 2740 1,
989 2678 1024 2729 18
1039 2678 1067 2740 8.
1079 2683 1098 2730 ³
1111 2680 1228 2743 legitur:
1258 2680 1261 2695 ’

178 2761 313 2801 sororem
329 2761 367 2800 em
384 2749 481 2798 matre
496 2749 526 2797 ct
540 2746 719 2812 propinquae
734 2758 802 2797 suut
818 2749 941 2812 nuptam
955 2749 989 2798 ite
1002 2748 1078 2799 stiae
1088 2747 1229 2800 1111111111

180 2821 342 2870 collocasse.
381 2829 434 2880 quo
460 2816 521 2866 loco
548 2815 736 2867 accusativum
760 2827 814 2864 non
837 2820 948 2879 propter
970 2819 1155 2884 collacum„
1177 2819 1227 2867 sed

179 2896 290 2952 propter
312 2887 450 2951 acptum,
475 2887 545 2949 quod
569 2892 596 2934 et
619 2884 707 2946 ipsum
724 2883 878 2936 accusativi
895 2886 950 2935 vim
969 2888 997 2936 et
1016 2887 1130 2937 formam
1150 2888 1181 2936 et
1198 2886 1227 2937 in

180 2956 340 3007 dictionibus
359 2957 390 3006 itt
409 2956 524 3006 domum
538 2955 664 3018 aliquam
679 2955 726 3004 vel
745 2952 888 3021 familiam
903 2953 1010 3005 nabere
1031 2957 1146 3005 eundem
1163 2967 1227 3006 cum

179 3027 274 3077 codem
292 3025 489 3086 praepositione
507 3023 676 3085 coniunctum
694 3035 787 3074 casum
801 3023 927 3088 haberet,
946 3024 1070 3084 scriptori
1083 3024 1226 3086 placuisse

178 3107 213 3143 ex
231 3093 454 3160 cointelligitur,
478 3093 548 3156 quod
567 3095 646 3151 poulo
664 3098 725 3141 ante
742 3094 867 3143 matrem
882 3091 913 3143 itt
925 3086 1104 3160 Bt‘tulriptb‘tts
1117 3091 1227 3144 itomlnt'

178 3163 239 3214 illic
260 3162 434 3213 nobilissimo
457 3173 492 3210 ac
512 3160 712 3224 potentissimo
732 3163 887 3213 collocasse
903 3163 1018 3213 eundem
1033 3160 1227 3227 Dumnorigem

179 3232 262 3295 dixit,
292 3244 345 3282 tion
367 3232 400 3281 itt
422 3229 583 3295 Bituripcs.
618 3231 768 3282 Praeterea
788 3231 877 3281 minos
900 3240 981 3293 aptus
1003 3233 1030 3281 ln.
1052 3232 1071 3282 l.
1095 3231 1226 3296 pluralis,

181 3313 262 3365 quam
281 3300 426 3364 singularis
446 3300 571 3365 videtur,
593 3310 654 3347 cum
671 3299 705 3347 de
721 3311 776 3350 uua
793 3301 862 3350 turri
880 3313 970 3369 sermo
983 3300 1028 3349 sit.
1068 3299 1224 3364 1111111111

178 3371 272 3420 littera
290 3382 325 3418 ex
341 3369 462 3432 proximo
479 3380 542 3419 cese
565 3367 642 3417 nesci
658 3368 713 3416 tom
733 3367 814 3419 iucile
831 3370 931 3434 potuit,
959 3382 1040 3433 quem
1055 3381 1086 3419 ut
1107 3382 1145 3419 ex
1160 3382 1240 3421 asa·-

178 3438 238 3489 trt's
263 3440 333 3499 opud
356 3438 464 3487 Livium
481 3434 534 3500 41,
552 3435 588 3487 28
609 3435 638 3484 in
655 3435 767 3504 verbis,
791 3450 860 3498 quae
880 3440 1027 3489 secundum
1043 3439 1168 3489 codicem
1184 3439 1225 3490 ita

177 3507 346 3557 scribantur:
369 3506 465 3559 teotolo
481 3506 512 3554 tn
529 3505 628 3556 oedem
643 3504 754 3556 Matris
770 3504 904 3570 Matutae
919 3518 984 3557 cam
998 3506 1224 3572 1111111111-

176 3575 237 3626 situ
252 3578 305 3625 est.
341 3577 386 3625 ubi
404 3573 527 3626 lloudlus
545 3577 564 3624 l.
584 3588 608 3623 c.
626 3586 652 3635 p·
665 3575 719 3626 307
734 3577 805 3626 aede
821 3577 993 3627 scribendum
1011 3584 1121 3646 111111,
1140 3577 1224 3630 Wol-

176 3644 258 3695 11111
274 3644 304 3693 in
320 3645 430 3695 Emend.
447 3643 509 3694 Liv.
527 3658 552 3705 p.
566 3640 602 3693 tc
618 3644 719 3695 aedem
734 3646 833 3694 tuetur.

121 3712 127 3719 “
211 3712 278 3774 cap.
293 3715 338 3764 31.
359 3712 386 3773 S.
401 3714 425 3761 1.
459 3712 687 3775 adpropinquare]
710 3712 795 3777 flung.
813 3715 847 3762 A.
865 3711 946 3763 Vind.
963 3715 997 3763 A.
1013 3724 1068 3765 nou
1085 3725 1153 3779 opp.

131 3818 138 3829 ,
192 3781 361 3841 moenibus]
381 3779 476 3831 muris
493 3782 562 3830 And.
580 3781 631 3830 Ox.
650 3782 678 3830 S·
696 3781 773 3832 held.
790 3784 825 3832 Α.
841 3781 927 3833 vindi
941 3785 977 3832 A.
998 3783 1040 3832 ed.
1061 3783 1155 3846 steph.
1190 3782 1223 3835 id

124 3880 127 3885 -
172 3850 293 3903 tortasse
318 3863 354 3900 ex
376 3848 598 3912 Ephemeridibus
620 3851 745 3914 ductum,
773 3849 802 3899 in
826 3848 922 3913 quibus
940 3849 1059 3913 scriptor
1079 3853 1224 3917 vulgarem

88 3920 91 3925 ’
172 3918 392 3972 consuetudinem
406 3914 511 3968 moror
523 3925 550 3967 et
566 3929 683 3969 maram
700 3931 749 3969 scu
765 3920 878 3971 moenia
889 3917 1096 3983 permiscentem
1108 3930 1223 3972 emotus

171 3996 263 4058 eset,
285 3988 505 4052 quemadmodum
521 3990 549 4037 et
566 3985 673 4037 Hirtius
689 3986 722 4051 8,
739 3985 775 4038 to
793 3988 897 4050 etipse
913 3989 1023 4055 (limi,
1041 3990 1078 4040 17
1094 3997 1123 4040 11
1140 3989 1222 4041 2811

170 4058 198 4123 2,
215 4060 294 4108 1611
311 4060 338 4123 3,
357 4056 390 4108 15
406 4068 508 4108 moros
525 4068 574 4118 pro
590 4068 676 4106 moro
692 4055 792 4123 posuit.
826 4058 879 4109 Sed
895 4056 924 4111 in
942 4057 985 4108 ltis
1002 4058 1035 4108 de
1052 4057 1127 4109 bello
1145 4058 1220 4111 Gall.

102 4196 105 4200 Ι
165 4123 242 4180 litrls
264 4125 403 4193 propriam
425 4123 542 4191 pluralis
564 4124 790 4193 significationem
807 4127 902 4180 tenuit.
935 4126 980 4183 ci.
994 4126 1030 4194 1,
1046 4130 1099 4182 2³:
1121 4127 1220 4182 moris
