2572 4688
416 278 522 353 ura.
547 278 578 353 l.
619 275 739 352 cnr.
765 280 810 350 m
1103 283 1158 374 ,st
1248 238 1251 245 ’

78 470 180 540 lenter
198 468 428 559 gloriarentur
447 467 604 560 quodque
623 476 691 538 tam
716 468 775 537 diu
800 490 838 539 oe
857 468 993 561 impune
1015 467 1157 540 iniurias

78 560 193 628 todiase
205 558 467 641 admirarentur,
486 559 601 627 eodem
617 559 804 648 pertineret
865 559 1055 630 Consuesse
1068 560 1156 627 euim
1178 555 1201 622 4

77 645 151 716 deos
171 649 388 730 inmortales,
416 668 483 735 quo
509 647 646 737 gravius
665 647 816 751 homiues
837 664 879 714 cx
899 648 1159 716 commutatione

105 818 161 858 sec.
178 806 214 858 A.
231 800 314 858 Vrec.
332 805 411 857 ABG.
428 805 509 857 Vlud.
527 806 561 856 Α.
578 805 659 857 Goele-
677 808 734 858 AB.
750 805 848 856 llamb.
864 807 949 858 Banu.
966 809 995 858 et
1015 808 1075 858 edd.
1092 809 1160 858 auto

106 876 154 926 tir.
179 888 206 926 a.
241 876 274 926 ld
297 873 322 924 si
346 879 478 927 recentes
494 875 621 927 iniurias
636 877 831 944 praecederet,
862 876 932 927 terri
955 881 1065 941 posset3
1096 890 1160 941 cum

104 944 227 1010 genitivo
244 946 285 994 lta
302 946 407 996 demum
423 946 567 997 tolerabile
584 952 675 1011 esset,
707 945 732 994 si
749 946 806 996 alla
821 949 962 996 exstarent
978 949 1124 998 verborum
1141 958 1160 998 a

105 1026 157 1066 sue
174 1013 374 1078 significatione
391 1015 428 1065 ad
444 1016 572 1066 similium
586 1015 814 1066 constructionem
826 1017 1011 1065 traductorum
1026 1017 1161 1083 exempla,

104 1085 253 1135 meandum
271 1095 340 1146 quae
358 1083 479 1152 caesar,
504 1085 567 1148 quia
583 1085 723 1135 memorio
740 1086 884 1149 deponere
896 1085 968 1134 idem
981 1084 1162 1149 signiticaret,

105 1154 176 1216 quod
200 1152 346 1220 oblivisci,
376 1157 491 1204 eundem
508 1155 550 1204 illi
574 1154 686 1204 dictioni
710 1165 821 1218 casum,
850 1166 928 1216 quiem
946 1155 1016 1204 baec
1032 1155 1159 1218 require-

105 1225 164 1285 ret,
187 1221 311 1272 iunxisse
328 1220 477 1274 videretur.
512 1223 708 1274 accusativum
726 1236 794 1274 vero
813 1226 922 1287 praeter
938 1225 1059 1274 codicem
1076 1226 1160 1274 vetu-

107 1290 255 1342 stissimum
275 1293 366 1343 tuetur
383 1294 460 1343 locus
479 1293 541 1342 boio
559 1293 713 1343 simillimas
730 1291 791 1342 Civ.
805 1295 839 1358 2,
854 1293 890 1343 28
906 1306 943 1343 oe
954 1293 1044 1358 primi
1054 1306 1160 1345 socra-

106 1361 213 1428 menti,
243 1360 320 1425 qaod
343 1363 421 1425 apud
442 1362 599 1413 Donnitinm
615 1358 703 1426 atqie
720 1356 798 1426 opud
814 1375 845 1411 se
863 1365 1046 1426 quaestorem
1063 1363 1160 1414 dieis-

107 1431 186 1493 eent,
203 1430 373 1482 memoriam
390 1433 583 1497 deponerent,
607 1432 657 1479 irbi
675 1431 796 1483 nonnulli
814 1432 877 1480 libri
898 1433 1001 1494 pariter
1017 1433 1160 1483 memoria

107 1501 242 1550 exhibent.
274 1499 325 1555 201³.¹
350 1499 409 1552 cic.
431 1512 481 1564 pro
505 1501 590 1557 cael„
605 1500 631 1562 S.
646 1498 698 1552 50:
723 1501 834 1566 depono
855 1503 1024 1553 mennonium
1047 1503 1161 1554 doloris

107 1569 171 1700 mesi..
188 1639 215 1690 3.
255 1599 372 1690 iniurias
390 1636 503 1699 tulisse]
526 1637 628 1689 iniisse
642 1635 770 1688 iniurias
786 1637 866 1687 Vrat.
883 1636 914 1688 o.
933 1638 1012 1688 Goth.
1028 1637 1158 1690 atino.
1185 1686 1189 1693 .

110 1707 143 1758 b.
167 1708 238 1758 Lov.
260 1720 322 1758 cnm
346 1709 406 1758 edd.
430 1715 493 1759 ame
511 1710 595 1772 oud,
621 1707 711 1770 quiin
728 1706 832 1757 maiore
849 1708 893 1755 ed.
910 1708 1020 1760 codices
1038 1709 1160 1774 potiores

109 1778 217 1828 secutus
232 1774 262 1827 in
279 1777 382 1826 minore
400 1777 520 1828 ordinem
538 1779 620 1827 antea
636 1777 890 1840 vulgatumtenuit.

140 1846 167 1909 8.
180 1844 208 1897 l.
238 1846 411 1906 mmortales]
435 1848 518 1925 vind„
534 1847 572 1897 Α.
585 1848 664 1921 dgm.
682 1847 768 1898 boun.
784 1858 839 1897 nou
856 1846 934 1900 imm.

490 1930 608 1993 moenia-'123

127 2000 153 2062 S.
169 2003 196 2052 3.
230 2001 340 2065 impune
353 1936 594 2062 iniuriasdurlisse]
638 2001 695 2051 tale
707 2000 771 2064 quid
784 1999 860 2051 illum
875 1999 977 2051 dixisse
991 2003 1020 2053 et
1032 1998 1160 2056 miratum

87 2071 152 2123 llaec
173 2083 227 2122 uou
247 2072 283 2120 ad
304 2070 467 2136 Caesarem,
496 2071 595 2134 qnippe
637 2080 718 2136 ease,
743 2083 792 2120 cnr
812 2079 874 2134 post
893 2071 1088 2136 quinquaginta
1106 2085 1161 2125 au-

87 2141 124 2203 qui
135 2140 240 2190 minime
253 2140 299 2190 din
312 2139 421 2202 impune
438 2140 594 2204 (significa-
636 2150 703 2205 nos,
728 2140 825 2203 quibus
846 2142 1000 2208 quiessent,
1031 2144 1101 2194 bello
1125 2155 1158 2194 se

87 2209 149 2259 tione
168 2209 279 2276 activa,
303 2221 357 2271 qna
376 2210 513 2260 Salustius
533 2211 594 2272 lug.
637 2211 761 2271 peterent
773 2211 896 2261 liomaui.
914 2212 1003 2261 Etiam
1018 2215 1087 2274 quod
1101 2219 1158 2265 tam

89 2280 124 2343 tl,
139 2280 170 2329 21
188 2280 303 2344 impune
313 2279 454 2330 iniurium
465 2278 594 2343 accepte·
636 2277 908 2341 insolenter-gloriati
920 2294 982 2330 esse
999 2294 1051 2332 sua
1064 2281 1157 2332 victo-

88 2358 113 2398 ae
123 2348 196 2410 dicit)
219 2349 407 2400 llelvetlornm
420 2348 593 2406 iniuriasto-
637 2347 681 2397 ria
701 2347 845 2414 dicuutur,
871 2350 1025 2400 uberiorem
1043 2351 1158 2403 Diuico-

88 2416 206 2484 locasset,
229 2419 280 2467 sed
297 2419 334 2467 ad
352 2418 428 2478 ipsos
449 2416 592 2467 Helvetios
635 2415 680 2465 nis
700 2416 849 2467 oracionem
867 2419 955 2468 luisse
968 2421 996 2468 et
1008 2416 1158 2472 Gaesarem

89 2487 223 2554 pertinent,
246 2486 292 2548 qul
311 2498 360 2538 eas
377 2487 499 2550 integros
513 2486 593 2548 quiu—
635 2497 768 2535 summam
796 2489 900 2538 tautum
927 2489 1062 2539 dictorum
1080 2492 1157 2541 retu-

89 2556 203 2621 qraginta
214 2569 264 2617 per
276 2567 362 2607 anuos
377 2556 487 2618 impune
506 2555 592 2618 [sign.
635 2554 704 2603 iisse
717 2554 815 2616 arguit.

89 2627 203 2685 passiva)
220 2624 399 2691 bobaeraat,
416 2629 447 2675 ut
461 2626 504 2675 est
518 2625 592 2684 apud
687 2624 781 2673 eodem
794 2624 944 2684 pertinere]
969 2625 1005 2674 ad
1021 2623 1093 2677 idem
1106 2639 1157 2678 ca-

88 2695 229 2746 lerentium
240 2697 310 2746 Eum
325 2695 352 2759 5,
369 2697 396 2758 2,
417 2697 466 2745 13:
483 2693 598 2744 credin’
639 2699 690 2754 put
709 2692 881 2742 referendum
896 2695 1002 2744 esseet
1016 2707 1051 2744 ex
1062 2699 1156 2749 eodem

87 2765 111 2815 te
125 2765 237 2830 impune
250 2758 438 2816 babituram?
467 2766 496 2814 et
516 2763 552 2812 ib.
568 2766 595 2829 6,
638 2762 714 2811 tonte
726 2773 849 2826 manare,
867 2762 928 2811 sive
941 2765 1094 2830 utrumqne,
1112 2766 1158 2817 ia·

88 2832 597 2900 idcoipttidemistaeimpoeebobne·
638 2830 784 2881 eletionem
807 2829 883 2881 illam
901 2834 929 2882 et
947 2835 1017 2882 banc
1037 2834 1158 2887 admira-

85 2903 134 2971 ῆι,
158 2907 188 2954 et
204 2904 284 2968 quasi
302 2905 431 2966 praedam
446 2915 495 2952 seu
510 2914 594 2964 prae·
636 2900 750 2960 tionem,
768 2912 928 2951 concessam
941 2902 984 2950 eis
997 2913 1015 2951 a
1027 2903 1081 2952 diis
1094 2917 1158 2956 esso

85 2973 155 3024 ιίιιιιι
172 2974 366 3025 abstulerant.
400 2974 470 3023 Nam
484 2973 523 3021 ita
538 2972 594 3021 im·
636 2982 692 3020 uon
708 2969 852 3034 propitiis,
875 2973 906 3019 ut
920 2973 1051 3032 perpetuo
1064 2974 1158 3024 laeta·

83 3054 149 3106 patae
172 3044 259 3111 ferre
276 3042 465 3105 explicandum
477 3042 593 3091 videtur.
631 3040 747 3101 vecutus,
782 3039 831 3089 sed
861 3040 976 3090 sceleris
1007 3043 1156 3112 ultoribus,

83 3110 297 3164 dictaliamn.
311 3115 354 3177 13,
371 3113 424 3163 77ι
442 3123 506 3161 curn
518 3111 593 3161 mab
634 3108 689 3170 qam
710 3109 826 3169 gravius
845 3122 909 3159 mox
929 3110 1060 3161 dolerent.
1096 3113 1157 3163 lia·

82 3183 121 3231 tao
148 3182 238 3233 tetros
269 3180 464 3244 corripuisset
485 3193 538 3230 aec
561 3192 593 3230 ee
634 3190 687 3240 une
705 3177 859 3240 pertinere
877 3191 938 3228 eum
957 3192 1056 3231 nexum
1070 3181 1158 3244 siguu-

82 3249 189 3316 dopnree
203 3252 483 3315 Mtarampntaret,
502 3251 593 3313 nefor
635 3248 711 3311 licat,
726 3247 853 3308 quiiutcr
866 3259 978 3300 eausam
991 3251 1157 3302 etetlectum
1208 3285 1212 3289 -

79 3321 126 3385 pit.
157 3323 263 3371 Lucan.
287 3323 319 3384 1,
345 3318 413 3370 289:
436 3316 593 3384 peotesoo'e
635 3316 795 3384 intercedit,
820 3319 849 3366 ct
865 3316 899 3366 nt
916 3319 952 3381 7,
968 3317 1003 3368 43
1027 3319 1157 3384 direptio

80 3390 206 3441 mactae
221 3388 278 3439 Vim
291 3390 407 3452 impone
419 3390 510 3454 feres.
538 3389 593 3437 'le-
636 3385 785 3452 bonoram,
802 3385 881 3435 cuius
894 3387 972 3438 multi
985 3391 1114 3440 auctores
1128 3392 1157 3440 et

79 3462 142 3509 mut.
152 3460 240 3509 Andr.
254 3461 288 3526 3,
305 3458 339 3521 5,
357 3456 390 3508 4:
406 3459 457 3509 aed
469 3457 594 3506 inuitum
635 3455 788 3518 participes
812 3457 939 3519 fuerant,
974 3458 1013 3508 ed
1037 3460 1156 3524 mattos,

79 3527 111 3599 tt,
124 3539 274 3594 mquam
292 3528 423 3595 auferet.
464 3527 594 3576 Similiter
634 3525 676 3574 ita
688 3525 892 3588 nimirumque
906 3525 973 3576 illud
986 3527 1023 3578 ad
1036 3539 1156 3580 consue-

77 3599 196 3648 tocitam
206 3597 317 3662 atiqaid
329 3598 415 3663 ferre
426 3596 455 3646 et
468 3597 593 3663 auferre
634 3592 754 3644 tudinem
775 3596 910 3671 numidam
929 3596 1041 3647 deorum
1058 3596 1157 3662 perti-

77 3667 215 3718 ilcebatur
233 3666 280 3728 qut
299 3665 359 3723 sine
381 3665 593 3728 exprobratione
633 3673 708 3713 nere
720 3663 832 3714 dicitur:
861 3659 945 3718 hethei
967 3663 1031 3730 debe
1051 3661 1080 3720 itt
1101 3662 1157 3725 ὗες

77 3736 264 3788 dimittebatur.
299 3731 592 3797 cf.1³1aut.Asiu.l,
634 3722 754 3798 :ebruna
780 3731 833 3786 aab
853 3729 1082 3801 Batammeuboop
1104 3732 1157 3791 mit

77 3807 105 3870 ²,
122 3807 150 3858 7.
174 3805 234 3856 cte.
249 3805 307 3854 att.
320 3807 355 3868 2,
370 3808 398 3859 3.
429 3801 491 3854 biv.
504 3806 538 3872 1,
555 3802 592 3855 50
634 3796 719 3855 ciuem
732 3800 785 3856 aab
800 3800 949 3867 bemietbea,
965 3799 1078 3860 mittem
1086 3795 1156 3862 biert

77 3877 142 3926 extr.
159 3876 195 3940 3,
211 3871 257 3924 45.
634 3867 727 3933 tabam
742 3869 846 3933 abelmea
862 3868 901 3928 bie
915 3865 1013 3931 ld‘otteo
1031 3884 1063 3943 aa
1081 3870 1155 3930 boob

128 3943 343 4001 admirarentur]
396 3936 591 3990 admirationis
634 3936 724 4004 adpteo
737 3937 858 4006 adaptet·
1100 3942 1124 4003 ,’

76 4013 175 4065 nullm
187 4010 364 4063 lullivieouis
377 4009 508 4074 oratioue,
522 4021 591 4071 qua-
686 4008 713 4068 S.
725 4011 751 4060 4.
775 4022 827 4074 quo
839 4007 970 4074 gravius]
987 4011 1013 4058 b.
1028 4023 1052 4060 e.
1067 4022 1154 4073 qnan-

77 4078 413 4145 lemcap.1³exnibet,
443 4077 591 4141 vestigium
633 4080 662 4128 to
682 4079 807 4142 gravius.
848 4081 907 4129 lam
933 4079 1010 4140 sequi
1037 4081 1154 4130 debebat

77 4152 125 4219 eat,
142 4152 193 4203 aed
205 4152 256 4202 boo
269 4150 375 4200 demum
390 4148 450 4200 loco
463 4147 592 4200 docemur
634 4147 879 4210 eosecaodiorem
896 4150 945 4200 sed
958 4148 1027 4200 illud
1037 4149 1154 4202 eoacrl⁴
