2572 4688
398 251 511 378 itm.
538 251 609 329 111.
648 251 858 331 cuneo
1067 262 1174 342 1273
1241 322 1244 327 .

81 442 276 536 provintiae
294 441 475 527 finitimae,
502 465 543 512 ex
560 443 615 512 iris
634 442 828 531 regionibus
842 446 1038 516 noannetitn
1050 467 1168 520 ovone·
1222 448 1223 451 ’

79 537 129 604 tis
152 534 189 601 in
212 530 404 603 sontiatum
422 532 507 601 fines
527 532 711 601 exercitum
724 532 924 607 introduxit.
984 535 1090 607 cutus
1104 538 1209 619 uti-*8

149 724 187 764 ex
211 709 255 762 tls
278 706 449 775 regionibus]
480 718 519 761 ec
544 721 596 762 on.
618 705 686 774 neg.
727 707 804 762 Item
827 710 968 764 delendum
990 710 1079 766 visum
1103 722 1166 770 eret

113 778 278 845 ciacconio,
305 779 384 831 euius
401 775 585 831 coniecturum
602 780 695 830 conice
711 778 797 842 ltegio
813 781 1000 832 suctornmen
1018 784 1165 844 praebente

113 850 205 901 secuti
229 850 396 900 recentiores
418 847 559 912 nonnulli,
586 845 614 897 in
632 847 675 900 lis
691 849 806 898 lleidius
823 856 851 898 et
867 850 1068 921 lilterlingius,
1090 856 1165 918 pro·

113 920 248 985 vinciae,
269 917 410 982 >inuictae
427 917 472 968 ote
490 916 670 982 repiootbue,
692 917 863 968 nominatim
878 919 1054 985 scripserunt.

150 989 316 1048 sontiatum]
340 987 386 1037 stc
403 987 450 1034 vel
466 987 550 1036 sone.
570 997 668 1036 novem
686 989 945 1046 (n.,e.omnes1nl›
964 988 1031 1042 Oui.
1048 987 1165 1053 inspecti

78 1116 84 1125 ,
113 1059 225 1109 codices
246 1057 393 1119 eodemque
413 1063 483 1105 teste
507 1055 566 1106 Pet.
587 1055 657 1106 [tor.
680 1054 758 1119 Egm.
775 1063 804 1106 et
820 1053 905 1107 ceteri
922 1069 983 1108 cum
1000 1056 1077 1110 MSS.
1092 1058 1167 1113 ullo-

95 1140 193 1192 rum,
222 1127 305 1189 Bong.
331 1124 363 1176 G.
385 1124 445 1175 Pul.
468 1135 525 1174 sec.
549 1123 633 1175 coni.
652 1124 736 1173 Voss.
760 1124 794 1174 A.
819 1112 896 1189 ligin-
920 1133 977 1177 eec.
1002 1127 1085 1181 liuor.
1103 1129 1165 1180 coti.
1229 1124 1230 1129 ’

115 1199 211 1248 urent.
234 1194 319 1256 Bong.
342 1195 377 1243 A.
401 1192 450 1244 llr.
472 1193 503 1241 li.
519 1193 600 1243 Vrst.
622 1192 700 1244 ΑΒΘ.
724 1192 1165 1255 uotn.su.uu.1lsno.v1uo.
1209 1194 1212 1199 ’

114 1262 401 1330 uu1.t³etr.e‚1o,
424 1262 485 1312 etii.
502 1269 566 1311 ente
583 1262 644 1311 uer.
661 1270 689 1312 et
706 1262 776 1312 ven.
793 1262 814 1311 i.
844 1256 1007 1318 leustetten
1028 1268 1165 1330 Metuplrr.
1267 1293 1270 1297 ⁴

114 1333 286 1391 scetiotem
303 1331 384 1381 ’Goon
408 1343 465 1380 sec.
490 1328 572 1380 Febr.
596 1331 676 1380 vimi.
701 1331 733 1380 Ι).
757 1331 818 1383 Ber.
848 1332 1034 1385 Scoticotum
1056 1337 1106 1386 Dr.
1129 1337 1166 1387 A.

85 1408 88 1413 ’
114 1403 299 1458 Soncitotum
316 1400 397 1450 Vini.
415 1399 446 1451 c.
475 1398 652 1450 Soottotium
678 1399 758 1449 Viuo.
779 1401 812 1448 A.
836 1401 897 1450 Ain.
921 1411 976 1453 etc.
1000 1411 1065 1453 ente
1088 1403 1166 1468 [ips.

115 1471 274 1526 Sotiatium
291 1470 362 1520 ilar.
379 1468 413 1518 Δ.
431 1466 505 1530 Llps.
525 1472 579 1518 etc.
596 1472 662 1518 cute
678 1467 746 1518 Oui.
771 1469 930 1520 sociatione
945 1470 1010 1525 VV.
1031 1472 1084 1523 00.
1098 1476 1165 1524 vrs.
1209 1470 1214 1475 ’

114 1543 146 1594 in
161 1545 239 1604 Not,
262 1537 386 1600 *eiusdem
403 1547 484 1586 vetus
501 1536 616 1588 liberet
632 1538 688 1587 MS.
709 1537 822 1588 Orosius
837 1539 865 1588 in
881 1540 992 1590 Emeud.
1019 1542 1166 1596 Sotiatium

116 1612 186 1664 lter.
210 1620 268 1659 sec.
291 1607 373 1658 uuor.
403 1607 435 1656 lo
451 1606 520 1656 0un.
537 1614 633 1657 contre
649 1606 742 1656 omnes
758 1607 866 1656 codices
889 1609 967 1665 (nam
984 1609 1012 1658 in
1028 1611 1098 1660 itur.
1113 1625 1164 1662 ne-

77 1710 81 1715 ·
116 1681 179 1732 scin
201 1678 247 1729 oui
271 1677 399 1727 credebat
421 1687 484 1725 esse
508 1677 606 1734 Soet.)
636 1687 698 1725 oum
722 1674 844 1725 cellurio
867 1678 970 1738 recepit
998 1680 1164 1732 auctoritate
1220 1679 1225 1686 ’

69 1750 76 1759 ’
115 1747 235 1802 maxime
258 1745 365 1796 Nicolei
389 1744 552 1794 Damasceui
575 1750 680 1807 motus,
712 1743 757 1805 qui
780 1745 852 1806 spon
874 1748 1041 1804 Athenaeum
1066 1749 1118 1799 lo
1138 1764 1165 1812 p.

71 1814 78 1825 '
116 1818 172 1874 229
195 1817 218 1866 Β
241 1827 318 1877 eum,
346 1812 424 1862 cuius
449 1825 509 1873 cup.
527 1826 567 1875 sq.
590 1812 690 1863 mentio
707 1812 754 1874 iit,
775 1805 946 1880 Ἀδιάτομον
961 1811 1012 1866 τὸν
1027 1812 1084 1867 soie
1097 1818 1166 1869 Σω.

115 1881 223 1940 emeno
237 1880 353 1952 pisatiis
369 1881 449 1943 dicit,
472 1883 530 1931 tum
547 1881 645 1946 Plinii,
670 1882 716 1945 qui
734 1879 806 1931 llist.
822 1888 878 1933 nat.
895 1881 914 1931 4
930 1882 957 1943 8.
969 1887 1004 1935 3³
1020 1886 1166 1938 Sottt'otes

117 1962 216 2018 vocnt,
245 1961 274 2003 et
294 1951 415 2011 conicum
438 1949 550 2016 Vrsini,
580 1950 626 2013 qui
641 1962 662 2000 et
679 1948 811 2000 omittunt.
841 1951 955 2002 Accedit
972 1952 1061 2004 orosii
1078 1957 1166 2009 codex

115 2025 235 2089 optimus
250 2025 285 2082 it,
301 2020 320 2070 8
336 2020 400 2069 item
416 2019 559 2080 Sotiates,
583 2017 683 2078 (ceteri
695 2020 775 2080 Soc.)
791 2019 938 2087 exhibens,
961 2029 989 2070 et
1003 2025 1073 2086 quoti
1088 2025 1167 2075 ironis
1222 2056 1226 2063 ,

114 2095 147 2147 iu
162 2095 215 2144 ille
233 2089 343 2153 regione
360 2087 483 2149 oppidum
501 2095 626 2148 superest
641 2087 747 2138 numine
769 2085 833 2139 Stis.
869 2089 918 2139 llis
935 2097 1026 2141 temen
1041 2095 1166 2144 omnibus

116 2162 241 2214 conicum
265 2158 416 2210 auctoritas
438 2169 491 2208 uun
515 2158 604 2207 solnm
627 2159 651 2206 lt.
668 2156 708 2221 l,
736 2157 786 2207 teti
808 2155 891 2208 mium
914 2155 974 2218 §.a
995 2168 1024 2210 et
1041 2173 1102 2225 cap.
1121 2176 1167 2229 sq.

117 2232 146 2294 s.
161 2234 177 2283 1
195 2239 224 2281 et
240 2230 257 2278 2
274 2241 295 2278 o
312 2226 442 2277 tuentium
459 2224 568 2277 minime
584 2228 757 2277 convellitur.
782 2226 913 2277 Nicoleus
929 2228 999 2278 enim
1013 2230 1167 2283 Damasce-

106 2313 172 2353 ·sns
186 2289 221 2351 in'
231 2299 346 2357 sercou
360 2295 469 2344 nomine
486 2297 557 2345 nunti
573 2294 654 2346 nulio
672 2294 802 2346 cwssris
822 2294 985 2358 scriptorem
1002 2295 1166 2370 immutavit,

116 2368 202 2424 rituti
223 2373 313 2417 eutem
337 2364 446 2414 codices
468 2375 531 2415 cnm
552 2365 629 2415 nullo
645 2362 872 2416 Censorinorum
888 2366 968 2425 plene
985 2369 1167 2440 consentiunt,

116 2450 204 2502 neque
228 2433 320 2487 orosii
343 2432 539 2498 testinnonium,
571 2432 597 2482 si
621 2433 668 2482 rel
701 2431 818 2483 maxime
847 2433 976 2487 Sotiates
999 2437 1025 2486 lt.
1047 2440 1068 2489 1.
1092 2439 1167 2490 scri·

117 2516 196 2573 ptum
218 2505 248 2557 lu
271 2513 321 2554 suo
345 2497 602 2553 comentariorum
625 2501 774 2562 exemplari
797 2502 917 2569 invenit,
946 2507 1051 2556 tantum
1069 2511 1167 2562 volere

116 2578 218 2638 usum,
246 2580 277 2624 nt
300 2571 403 2623 nostrie
426 2568 506 2618 iidem
529 2568 623 2620 haberi
638 2572 719 2620 netes
735 2569 788 2635 sit,
815 2582 902 2633 neque
920 2583 956 2621 ex
972 2574 1098 2626 hodierno
1114 2587 1167 2628 no-

117 2643 206 2710 nius,
228 2641 253 2692 sl
269 2638 430 2702 abantiquo
449 2638 579 2702 originem
596 2638 687 2701 (lucit,
708 2636 764 2693 nisi
780 2639 867 2688 tuisse
885 2645 1005 2707 tempus,
1029 2654 1092 2707 cnm
1107 2643 1167 2708 pri..

117 2726 181 2767 mse
196 2710 324 2776 syliubee
339 2722 360 2757 n
376 2709 501 2770 deesset,
529 2705 624 2770 colligi
642 2713 739 2770 potest.
773 2705 816 2756 Cf.
833 2706 958 2758 Vltertus
973 2722 1000 2770 p.
1015 2712 1076 2761 262.
1105 2713 1168 2768 1η.

119 2795 173 2848 que
196 2795 217 2832 et
238 2778 381 2830 tenendum
403 2775 509 2838 putavi.
541 2777 636 2838 Neque
659 2774 874 2826 terminationem
897 2787 916 2827 c
934 2777 1072 2833 codicibus
1090 2794 1168 2835 com-

116 2852 271 2906 mendetem
295 2860 357 2896 cum
378 2843 483 2896 Dinuio
506 2852 612 2894 mutere
636 2855 721 2896 susus
744 2858 820 2908 sum,
843 2841 888 2908 qui
905 2848 1053 2898 secundum
1068 2851 1168 2905 cumo·

117 2922 192 2987 giem
216 2913 382 2981 Vocatium,
399 2913 615 2981 xi'ttrueottom,
636 2912 849 2980 uenenarium,
875 2913 1061 2969 musaeum
1082 2921 1166 2978 resti-

116 2992 172 3044 tnit
185 2986 340 3044 Sotiatium
343 3016 356 3053 ,
379 2985 450 3048 quoti
466 2983 527 3034 soni
544 2995 629 3036 ceusu
644 2982 818 3048 displicuisse
836 2984 963 3048 scriptori
979 2985 1096 3040 ridetur.

84 3154 177 3201 sutem
196 3139 349 3195 nominibus
364 3139 392 3191 in
405 3136 521 3204 litteris,
544 3135 606 3202 qui·
629 3138 743 3205 tuum,
767 3137 812 3189 cni
832 3135 930 3189 rationi
942 3145 971 3190 et
982 3139 1104 3194 brevitas
1116 3157 1169 3209 pn

83 3215 270 3269 busssrcssus
287 3209 315 3260 in
333 3209 501 3272 provinciam
514 3208 606 3259 missis
648 3209 784 3258 rentlresis
805 3215 833 3258 et
853 3209 958 3257 diversi
976 3221 994 3262 s
1012 3212 1103 3274 priore
1117 3227 1169 3265 no.

83 3292 134 3338 'eus
148 3287 291 3343 evocaret,
311 3280 415 3342 petrice
430 3276 606 3342 significatio·
647 3276 728 3327 minis
751 3290 818 3327 usus
840 3285 981 3342 repugnet.
1022 3281 1169 3342 Quodnisi

83 3366 147 3409 nem
167 3350 230 3402 andi
248 3361 282 3401 eo
302 3349 390 3412 magis
408 3359 524 3397 necesse
543 3346 605 3410 tuit,
649 3347 811 3398 commodior
834 3344 1022 3407 interpretatio
1046 3354 1168 3420 coesset,

84 3422 148 3489 qno¹
160 3421 249 3472 miuus
268 3419 352 3481 vulgo
371 3424 449 3467 notos
469 3415 557 3466 luisse
578 3423 606 3464 et
648 3418 731 3476 atque
744 3417 813 3465 naec
824 3427 885 3465 cum
899 3415 1025 3466 evocatis
1044 3423 1169 3474 construi

81 3491 189 3559 passim
218 3487 248 3536 iu
276 3486 351 3551 egris
381 3485 520 3546 dispersos
544 3489 606 3546 pust
647 3487 799 3550 oporteret,
823 3485 913 3546 potins
932 3486 1039 3553 locum,
1062 3502 1168 3556 exque

82 3560 243 3614 missionem
273 3556 364 3620 egisse
394 3556 605 3604 consentaneum
648 3553 757 3604 litterae
776 3554 930 3603 evocantes*
944 3554 1046 3607 missen
1063 3569 1168 3629 meent,

84 3631 145 3694 eet,
171 3626 240 3690 quun
258 3623 346 3688 ipsum
365 3623 607 3686 sequestraverit
649 3621 770 3671 ablativo
781 3622 951 3685 designatum
964 3623 1012 3674 eut
1023 3636 1084 3677 oum
1094 3628 1167 3680 lton-
1193 3672 1201 3687 ,

85 3706 127 3752 ent
140 3696 187 3747 lit
197 3693 361 3761 regionibus
373 3692 525 3741 ostendunt.
549 3689 607 3740 Alli
649 3690 777 3753 gucciano
797 3691 890 3741 codice
906 3691 1025 3745 Tolosae
1042 3695 1168 3750 scriben-

83 3780 149 3820 eum
168 3765 191 3816 1.
214 3766 262 3815 Fr.
278 3761 414 3813 Gmnovio
431 3762 467 3810 etl
485 3759 548 3810 itin.
563 3756 608 3823 25,
647 3761 711 3810 uum
723 3767 857 3822 putarem.

85 3838 122 3889 27
145 3838 194 3887 lios
209 3832 346 3885 ellotivos
358 3843 393 3880 ex
406 3830 489 3879 verbu
504 3839 608 3879 cucco·

83 3906 127 3959 tte
133 3905 250 3968 pendere
256 3902 344 3964 iisque
352 3897 531 3962 significatum
543 3910 608 3947 seu·
701 3893 844 3954 finitimae]
862 3906 902 3946 sc.
914 3893 1169 3966 centuriaeque

86 3974 202 4026 nentium
222 3972 374 4032 interrupto
392 3979 442 4028 per
460 3968 608 4030 perentne-
650 3962 726 4016 inire
738 3977 762 4014 c.
777 3968 811 4015 23
830 3963 889 4024 §.e
908 3965 1030 4033 cuditur,
1048 3971 1073 4018 it.
1087 3971 1107 4020 l.
1123 3973 1168 4022 iu·

86 4043 133 4094 sin
150 4041 281 4092 orationis
298 4051 381 4087 cursu
392 4037 488 4085 iterum
502 4034 608 4099 signiti-
651 4033 705 4084 ciie
724 4034 892 4084 subanditur.
926 4033 969 4084 (li.
987 4035 1021 4100 7,
1037 4037 1074 4088 77
1097 4047 1169 4090 extr.

85 4099 608 4185 csriveroisecltsreptooioues‘te·
651 4102 790 4168 respicite
800 4101 954 4169 finitimum
964 4101 1097 4159 (ionum.
1119 4110 1171 4160 list

918 4170 964 4243 te
