2716 4814
399 271 503 349 ιιι.
529 273 618 371 un
661 271 785 350 uer.
811 277 858 346 ee
1037 267 1040 283 ·
1106 279 1175 352 tn

89 461 156 530 hae
174 459 348 550 equitibus
365 459 555 533 distribuit.
632 463 815 553 Reliquum
836 463 1020 537 exereitum
1043 463 1174 554 Quieto
1196 473 1219 538 6

91 549 233 617 Titurio
253 546 379 618 Sabino
399 561 437 621 at
459 551 567 620 Lueio
588 551 822 621 Aurunculeio
845 551 967 624 Cottae
988 555 1111 640 legatis
1139 555 1175 624 lu

89 636 268 726 Menapios
286 645 388 725 atqua
405 640 442 706 in
460 661 521 708 eos
544 661 649 730 pagos
670 641 897 724 Morinorum,
925 642 1110 728 aliquibus
1129 642 1175 711 ael

89 745 168 790 eram
180 725 288 811 legati
302 746 367 792 non
378 734 555 810 venerant,
574 726 761 794 (latendum
777 727 891 812 (laditt
918 725 1077 796 Publium
1095 728 1175 797 Sul·

88 811 218 902 pluium
229 811 356 880 Rulum
368 815 526 917 legatum·
537 837 613 882 oum
629 837 670 884 ao
685 814 877 906 praesidio,
895 814 987 904 quotl
1000 818 1086 885 satia
1099 837 1177 887 esea

122 990 302 1054 praeponunt,
318 991 378 1042 toti.
392 991 473 1047 ium.
487 990 567 1043 Goth.
577 988 611 1042 A.
627 991 784 1058 pervenire
798 994 880 1044 Vrst.
893 993 925 1044 c.
939 993 1019 1044 tiotit.
1033 993 1064 1044 B.
1078 993 1175 1046 iiamlt.

125 1057 207 1110 corr.
229 1058 289 1116 (itio
308 1067 370 1124 nost
390 1062 522 1126 possent)
545 1073 606 1113 oum
626 1063 685 1112 eud.
706 1073 724 1112 a
743 1074 786 1113 me
806 1063 877 1112 visis
896 1063 1035 1130 omnious,
1065 1069 1175 1114 tutante
1270 1065 1273 1068 '

125 1126 291 1194 Piisohirio,
315 1141 396 1192 quern
415 1130 460 1180 itio
478 1130 581 1194 aliquid
599 1129 755 1196 neglexisse
769 1130 909 1196 suspicor,
932 1144 994 1182 eum
1009 1130 1091 1182 etiam
1102 1144 1177 1196 por·

124 1199 186 1248 tem
205 1195 368 1259 exemplaris
385 1198 429 1249 sui
447 1209 609 1261 erroreum
620 1201 741 1265 portam
752 1199 869 1262 positum
880 1201 1011 1252 intactum
1024 1201 1175 1270 reliquerit,

125 1275 155 1316 et
174 1266 324 1328 exemplari
340 1266 441 1330 Fatum,
464 1267 542 1318 ouius
563 1269 700 1320 silentium
720 1271 782 1332 pius
801 1273 882 1333 quam
903 1277 1059 1332 suspectum
1081 1271 1177 1323 ueteri

125 1335 215 1385 debet.
235 1335 343 1387 Venire
355 1336 492 1400 signifieat
504 1347 591 1388 neves
603 1335 668 1389 ilias
680 1350 714 1388 ne
728 1337 835 1402 ingredi
850 1337 957 1402 quidem
976 1338 1030 1389 iter
1042 1339 1175 1400 notuisse.

161 1403 313 1464 distribuit]
338 1405 443 1457 tretia
463 1403 545 1456 vinu.
559 1402 595 1456 A.
616 1413 644 1456 et
662 1405 925 1459 vv.cc.vrs.‚m
943 1407 1007 1457 Not.
1036 1409 1105 1458 Nam
1124 1411 1177 1460 ltuo
1213 1461 1215 1466 ,

125 1471 231 1537 notius,
255 1486 335 1540 quam
354 1487 416 1526 eum
433 1473 503 1525 (tui.
516 1475 552 1526 uti
568 1475 683 1526 verbum
698 1483 846 1528 exuturum
859 1473 886 1537 S.
899 1467 926 1527 ι’
932 1475 1028 1529 Vrsini
1039 1485 1130 1528 uotam
1144 1485 1176 1530 ut

125 1542 262 1608 referam,
280 1555 432 1594 cousensus
443 1543 525 1594 vimi.
537 1539 572 1594 A.
585 1555 628 1595 me
641 1552 742 1596 movet.

159 1609 186 1670 S.
200 1613 227 1660 6.
260 1611 296 1660 eh
309 1611 420 1674 quibua]
438 1625 458 1663 a
472 1623 500 1678 q.
517 1613 618 1675 „MSS
632 1622 661 1664 et
673 1613 739 1664 ildoi-
749 1605 902 1676 qau.“·1)r.
916 1613 946 1666 B.
953 1610 1035 1665 Vret.
1049 1609 1079 1664 G.
1094 1613 1177 1665 Goth.

123 1673 364 1732 1111111111.
383 1681 481 1734 iiamb.
500 1681 561 1732 edd.
581 1683 646 1732 ante
665 1679 729 1736 Alei.
742 1683 780 1732 St.
795 1682 844 1732 tir.
858 1682 884 1732 b.
907 1681 949 1732 ct.
964 1683 997 1748 1,
1015 1679 1048 1732 ⁴⁵
1067 1679 1122 1742 §.2
1141 1682 1177 1734 ab

124 1747 234 1810 Quinto
247 1751 275 1799 et
287 1751 320 1816 7,
336 1748 370 1802 22
388 1749 415 1811 s.
431 1751 446 1799 1
465 1748 499 1800 ab
512 1761 633 1816 qaoque.
658 1751 713 1802 Sed
724 1753 792 1801 haec
806 1762 894 1814 pauca
908 1751 937 1800 et
948 1762 982 1798 ua
995 1751 1056 1810 inse
1069 1752 1176 1815 quinem

125 1824 206 1870 extre
223 1829 329 1870 omnem
347 1816 541 1870 dubitationem
555 1819 646 1881 positu
658 1823 736 1871 eunt:
752 1835 771 1872 a
786 1833 814 1884 q.
828 1819 937 1870 circiter
948 1817 1036 1886 vities
1051 1817 1110 1872 eiua
1122 1822 1176 1874 ua-

124 1885 224 1938 rietate
238 1887 347 1955 legitur.
369 1887 466 1952 ltaque
479 1886 605 1941 uuoitare
618 1887 693 1940 lieet.
716 1887 760 1940 01.
774 1887 849 1939 intra
861 1901 887 1938 o.
898 1891 934 1938 23
952 1885 978 1948 S.
992 1889 1018 1938 ².

159 1955 195 2008 tu
208 1967 271 2006 eum
281 1954 381 2018 iegati]
402 1958 421 2006 i.
433 1955 473 2007 ad
485 1968 510 2007 e.
528 1955 577 2008 Dr.
586 1954 622 2009 B.
643 1955 688 2008 ci.
701 1959 763 2010 adn.
777 1958 812 2008 ud
825 1956 852 2016 S.
867 1958 894 2008 1.
1034 1967 1038 1976 ·

158 2026 323 2088 ducendum]
349 2027 383 2076 N.
403 2023 472 2089 neg.
492 2026 579 2076 Voss.
597 2023 642 2078 cl.
661 2025 746 2092 itong.
764 2022 800 2076 A.
818 2021 1034 2090 contuleritque
1053 2023 1088 2092 ab
1108 2023 1178 2077 oui.

123 2091 253 2160 euneos,
276 2095 340 2145 Par.
353 2089 388 2144 A.
406 2093 456 2145 Dr.
469 2090 527 2143 An.
543 2096 623 2146 Vrat.
638 2090 718 2146 Aac.
738 2095 817 2145 Goth.
830 2091 888 2144 An.
903 2094 986 2145 vinu.
1002 2093 1059 2146 DF.
1079 2093 1178 2147 Hmb.

124 2163 186 2212 aeid.
206 2163 270 2214 aute'
290 2161 333 2214 lu.
356 2161 554 2217 deducendam
571 2162 636 2215 VV-
656 2162 790 2216 GG.Vrs.
810 2163 839 2214 iu
859 2159 1134 2214 Nat-Ami.01.0u.
1149 2165 1179 2214 8.

123 2231 203 2285 utu.
223 2227 259 2284 A.
272 2232 356 2282 vind.
374 2229 410 2282 A.
429 2233 493 2285 Par.
507 2234 537 2281 Β.
559 2231 632 2283 liar.
645 2229 682 2282 A.
703 2233 745 2284 iu·
764 2235 794 2283 et
812 2245 870 2297 sqq.
894 2233 947 2282 Seri
960 2231 989 2281 iu
1002 2233 1094 2282 adnot.
1107 2232 1178 2284 oud.

124 2301 249 2364 praeiere
268 2299 447 2370 ducendam,
471 2301 536 2366 quia
555 2301 697 2354 deritwere
717 2301 754 2351 sit
774 2303 821 2353 vai
840 2301 992 2368 abducere,
1015 2301 1061 2351 vel
1073 2301 1102 2352 in
1114 2302 1179 2363 plu·

124 2381 190 2420 uum
211 2375 259 2420 eut
275 2367 305 2420 iu
322 2369 430 2434 longum
449 2371 566 2438 ducere,
590 2371 703 2436 quorum
721 2369 789 2424 uiitii
808 2369 851 2424 iiio
865 2371 952 2422 iocum
969 2368 1077 2424 lrabeat.
1103 2369 1177 2420 cou-

124 2437 195 2488 terri
214 2445 304 2492 tumen
323 2439 412 2492 verba
428 2439 491 2490 (liv.
504 2441 538 2505 2,
556 2441 590 2490 19
613 2439 790 2490 deductorio
804 2451 903 2494 arcem
916 2437 1082 2489 coltortitaa
1097 2446 1125 2488 et
1139 2439 1177 2489 ibi

125 2506 200 2561 uicta
219 2517 239 2557 a
257 2519 290 2558 ae
303 2507 395 2575 iubet,
417 2505 514 2570 quibus
527 2506 715 2559 mtrouuceuui
730 2520 835 2572 quoque
849 2505 1075 2570 significationem
1089 2508 1117 2557 ei
1130 2511 1177 2558 at-

125 2572 230 2628 tribuit.
262 2571 352 2640 Atque
371 2576 412 2626 itu
429 2578 491 2627 iera
510 2575 641 2643 Heluius,
664 2587 726 2627 oum
745 2577 809 2628 eled·
827 2575 856 2626 lu
869 2575 1099 2638 olerisquecouti.
1112 2587 1176 2628 essa

125 2645 201 2696 laiso
224 2643 398 2712 opinaretur,
421 2643 653 2706 interpretandum
665 2646 777 2712 statuit,
802 2644 960 2708 Herzogius
980 2655 1046 2692 vero
1065 2643 1177 2694 solenne
1253 2686 1256 2694 ,

123 2711 154 2764 ln
174 2712 273 2778 militia
293 2715 416 2766 Romanu
435 2713 551 2764 verbum
570 2713 658 2764 tuisse
676 2721 774 2764 mutiet.
809 2712 874 2762 Cum
894 2711 998 2765 deduci
1010 2711 1039 2762 in
1058 2712 1177 2776 aliquem

124 2783 232 2848 iocum,
249 2782 275 2834 si
283 2779 312 2834 is
324 2793 379 2834 non
390 2779 504 2834 inferior
515 2775 568 2848 est,
584 2789 614 2832 ut
628 2782 663 2834 cie
675 2783 812 2847 propriam
824 2781 1051 2845 significationem
1066 2781 1177 2847 habeat,

124 2849 317 2926 pierumqneil
332 2851 472 2919 dicentur,
488 2851 534 2916 qui
547 2853 577 2902 iu
591 2864 624 2902 eo
635 2853 713 2918 loeo,
732 2863 785 2915 quo
797 2851 982 2916 deducuntur,
1006 2851 1098 2900 sedem
1113 2862 1178 2902 oer-

125 2927 182 2972 tam
196 2919 301 2983 enitique
313 2921 479 2972 testinatam
492 2933 526 2973 aa
539 2921 657 2974 debitam
670 2921 787 2974 habituri
799 2927 879 2987 suut,
902 2921 954 2968 nae
967 2929 1035 2969 vero
1053 2919 1178 2982 legiones

124 3001 180 3044 uon
199 2991 391 3054 ninematurao
410 2989 438 3041 iu
452 2989 586 3056 Menapiis
600 2993 629 3042 et
642 2989 757 3044 Morinis
770 2998 882 3057 essent,
899 2995 927 3037 ot
940 2987 1012 3042 iutra
1026 3001 1050 3039 o.
1065 2990 1101 3040 38
1118 2987 1144 3048 s.
1160 2991 1178 3039 3

124 3059 155 3111 iu
174 3057 278 3112 eisdem
296 3059 409 3114 veritum
428 3057 545 3123 simplex
562 3059 678 3123 positum
697 3060 736 3116 sit
759 3059 824 3124 (qni
840 3058 873 3109 tn
889 3057 1093 3121 Menapiorum
1105 3055 1178 3123 fines
1221 3093 1224 3099 .

124 3128 253 3194 leemites
272 3128 440 3189 demerent]
456 3137 484 3179 et
496 3129 528 3192 7,
546 3125 582 3180 st
598 3127 626 3180 in
639 3131 733 3182 eadent
744 3141 776 3180 re
789 3129 860 3179 idem
877 3128 1034 3196 (quattuor
1051 3129 1179 3196 laniones

96 3187 106 3208 ¹
126 3198 160 3257 tn
171 3199 300 3270 senones
309 3195 496 3266 Parisiosque
507 3197 632 3253 Anotera
643 3199 789 3256 tuomet
801 3195 916 3267 dedit),
934 3195 1001 3250 aliti
1013 3207 1081 3266 nero
1094 3195 1178 3268 etiam

90 3323 251 3428 ostendatur
273 3374 303 3424 et
327 3370 434 3496 κροκι
454 3384 505 3424 seu
524 3372 614 3439 imago
655 3385 708 3424 vas
725 3371 842 3437 dieitur,
864 3341 927 3437 ipse
945 3381 1007 3424 cum
1020 3368 1056 3422 ils
1070 3369 1100 3422 in
1113 3381 1176 3424 eum

91 3439 254 3495 retentionis
266 3453 360 3494 earum
436 3443 539 3496 abloco
551 3447 613 3496 octo
655 3444 745 3496 lotum
762 3445 902 3506 protectus
924 3451 989 3492 esee
1010 3441 1038 3491 et
1062 3439 1179 3504 singuiis

90 3511 169 3564 milia
188 3523 319 3576 passuum
339 3511 475 3579 nnana,
503 3515 554 3564 seo
578 3514 614 3566 ait
648 3513 753 3566 turnis
767 3512 890 3580 singulus
907 3522 995 3575 naras
1009 3509 1178 3576 ettriituisse,

91 3580 163 3644 ineis
175 3587 238 3632 aeto
250 3580 361 3642 militur
371 3591 503 3643 passuum
521 3583 615 3635 oblatu
656 3582 753 3635 deinde
772 3581 926 3632 revertisse
942 3578 1125 3648 onmeistem
1142 3583 1179 3633 ati
1225 3603 1237 3616 κ

62 3662 158 3703 1e„sse
180 3662 230 3699 seu
252 3649 389 3714 eccidisse
411 3651 527 3712 (litatur.
569 3650 614 3704 01.
656 3649 936 3705 exereinruviuetur.
1179 3649 1182 3658 “

91 3722 154 3773 atu.
172 3719 370 3783 ad2,7s.3.
708 3719 736 3781 s.
749 3721 776 3769 6.
808 3721 910 3786 pagos]
927 3713 1179 3790 cl.etlu.ad1,12
1235 3765 1237 3770 .

144 3791 195 3840 hae
208 3787 346 3852 equitibus
355 3785 518 3849 distribuit]
536 3788 613 3841 tisec
656 3788 723 3852 §.A

92 3857 183 3920 magis
197 3871 260 3908 aaut
273 3857 511 3920 antecedentibus,
533 3871 614 3923 quatu
713 3853 837 3908 Publium
874 3852 1023 3924 sulpicium
1063 3852 1179 3914 linium]

92 3939 156 3978 eum
182 3919 357 3990 sequentihus
383 3924 527 3980 coniuncta
552 3939 615 3978 essa
658 3925 739 3978 liunt
753 3925 852 3977 iterum
864 3927 900 3994 7,
915 3925 953 3976 90
973 3932 1003 3978 et
1021 3930 1052 3974 ut
1070 3930 1181 3986 praeto-

93 3992 350 4060 resipsaloquitur·
368 3994 615 4061 luqueiuterpuu-
658 4008 718 4047 rem
745 3993 809 4045 civ.
829 3997 863 4061 A,
895 3995 946 4048 1⁰1
976 3997 1180 4044 commemorat.

95 4063 214 4118 ationem
232 4066 375 4128 vulgarem
390 4064 506 4119 nutavi.
539 4065 618 4127 Quod
661 4063 791 4117 Eiusdem
804 4062 905 4115 mentio
917 4063 948 4114 lit
960 4062 1070 4116 Arato
1084 4069 1127 4128 et,
1150 4062 1182 4112 ut

97 4141 193 4194 autem
209 4132 391 4196 astrinxere
411 4133 547 4199 equitibus
565 4146 618 4188 ua-
662 4132 815 4188 (iaratonio
832 4132 956 4204 uidetur,
979 4131 1052 4198 enuit
1068 4127 1182 4210 citem-
