2572 4688
410 281 511 353 urs.
541 279 587 351 u.
632 228 825 353 cauas
1088 274 1156 354 eor

76 469 266 539 maritimae
279 469 434 538 civitates
450 471 687 559 Oceanumque
700 471 888 558 attingunt,
907 468 1032 536 certior
1044 471 1157 539 iaetus

75 569 131 627 est
154 581 270 624 omnes
293 580 352 625 aas
372 561 526 627 civitates
541 562 575 626 in
595 559 799 626 deditionem
814 564 1081 647 potestatemque
1094 581 1156 647 po-

69 646 150 737 'puli
163 647 307 714 Romani
322 668 398 712 esse
412 647 579 718 redactas.
663 651 720 717 35.
747 648 814 715 His
828 645 928 713 rebus
942 647 1050 732 gestis
1064 647 1155 713 omni

75 736 190 803 Gallia
205 744 326 822 pacata
338 742 433 801 tanta
447 737 547 802 huius
561 735 643 801 belli
658 735 700 801 ad
713 734 877 801 barbaros
892 734 1006 822 opinio
1019 736 1152 822 perlate

72 832 145 905 ast,
171 824 224 890 uti
243 823 286 887 ab
304 821 357 888 his
382 824 593 903 nationibus,
622 844 708 910 quae
736 831 831 888 trans
854 818 1004 888 Rheuur'u
1026 824 1153 889 incole-

71 919 167 992 rent,
196 909 412 978 mitterentur
427 911 532 995 legati
545 910 589 976 ad
603 910 801 991 Gaesarem,
822 909 881 996 qui
893 930 931 974 aa
943 907 1079 976 obsides
1093 906 1153 976 da-

71 997 189 1079 turas,
215 997 381 1086 imperata
402 998 553 1066 iacturas
572 999 824 1086 pollicerentur.
893 995 989 1084 Quas
1009 998 1152 1082 lagatio-
1170 987 1207 1064 2⁹

137 1153 306 1216 maritimae]
329 1153 504 1207 maritumae
519 1155 587 1207 (tud.
600 1159 634 1220 2,
656 1164 688 1206 ut
704 1157 783 1207 solet.
1106 1179 1109 1191 ·

139 1225 175 1275 iu.
190 1223 366 1285 delitionem]
390 1225 423 1275 in
439 1226 576 1276 ditionem
592 1226 664 1276 llav.
682 1227 717 1275 A.
734 1225 898 1277 attentasse
914 1214 965 1274 ox.
983 1233 1043 1274 eum
1061 1222 1104 1273 lu.
1124 1224 1154 1274 et

105 1307 167 1357 sqq.
189 1295 409 1355 quemadmodum
433 1296 514 1346 serim
536 1295 658 1345 iusserat
675 1294 845 1345 ciacconius.
881 1293 912 1341 li
929 1304 998 1343 vero
1014 1293 1067 1343 iaru
1085 1293 1153 1344 Oui.

104 1361 247 1414 dubitabat
262 1373 299 1411 an
314 1375 368 1413 uon
384 1362 483 1426 ubique
498 1363 693 1426 restituendum
710 1365 799 1424 esset,
825 1369 853 1411 et
867 1362 900 1412 ia
916 1359 1090 1425 deditionem
1102 1374 1153 1413 re-

105 1432 217 1501 cipere
230 1430 301 1487 idem
324 1432 480 1496 siguificare
501 1443 582 1494 posse
606 1432 736 1499 putabat,
763 1433 833 1494 quod
850 1442 882 1481 eo
899 1431 1022 1497 redigere
1038 1433 1152 1498 hostem,

105 1510 137 1552 ut
153 1512 218 1550 sese
233 1501 315 1549 dedat
334 1502 363 1550 et
378 1500 407 1550 in
426 1501 586 1550 deditionem
604 1501 707 1562 veniat,
738 1503 827 1562 Atque
844 1512 879 1552 ea
894 1497 1010 1549 lectione
1023 1506 1052 1549 et
1065 1499 1153 1550 inter-
1228 1522 1232 1539 ι

105 1568 258 1635 pretatione
270 1570 343 1619 baud
357 1569 435 1618 dubie
447 1571 571 1619 utendum
584 1576 627 1625 est
641 1569 670 1618 iu
682 1570 803 1619 Suetonii
822 1571 873 1619 lul.
887 1565 926 1618 et
934 1569 967 1618 t.
980 1569 1107 1620 Dentitio
1119 1568 1152 1619 im

103 1638 279 1692 deditionem
292 1638 414 1696 reducto
428 1640 516 1703 etque
532 1638 649 1694 almuse
672 1647 699 1701 et
712 1637 749 1690 74
763 1639 879 1702 piratae
896 1649 961 1690 eum
977 1638 1009 1688 in
1026 1638 1153 1690 deditio-

103 1721 170 1760 nem
183 1707 354 1774 recepisset,
385 1709 479 1770 iisque
497 1711 521 1757 li.
530 1707 554 1756 'l.
571 1708 722 1758 deserenda
734 1703 857 1758 codicum'
869 1707 1018 1759 autumnitas
1032 1709 1152 1772 videtur,

102 1791 183 1842 quam
200 1788 234 1825 eo
249 1774 404 1840 religiosius
419 1775 496 1838 sequi
512 1777 654 1840 debemus,
677 1788 730 1840 quo
743 1775 874 1827 incertior
889 1778 1045 1839 plerumque
1062 1776 1092 1827 iu
1108 1776 1151 1826 liis

99 1846 248 1898 ¹vocabulis
274 1845 470 1908 distinguendis
493 1856 556 1894 esse
581 1846 659 1896 solet.
699 1846 767 1896 Nam
784 1858 861 1909 quae
878 1846 970 1897 addita
986 1853 1048 1896 suut
1062 1845 1152 1898 verba

100 1914 201 1983 popmi
215 1914 358 1977 Romani,
380 1925 415 1964 ea
431 1925 518 1977 neque
535 1910 691 1964 necessario
707 1914 932 1982 aieeeiticqem
944 1925 1049 1979 quoque
1059 1915 1151 1965 reler-

101 1999 134 2037 re
158 1983 281 2048 cogimur
305 1984 357 2046 (el.
377 1985 408 2050 1,
431 1984 469 2035 27
489 1983 558 2034 extr.
581 1979 769 2034 saetacum
791 1981 918 2048 finesque
939 1984 1152 2037 Germanorum

101 2053 325 2106 contenderant.
358 2049 393 2114 t,
410 2052 445 2101 to
466 2049 524 2110 Sui
547 2051 579 2101 ia
597 2051 650 2103 sibl
665 2052 867 2104 cascellium
889 2065 1022 2119 spemque
1044 2053 1152 2119 relique·

58 2134 73 2197 s
101 2122 243 2188 temporis
259 2122 332 2173 actm
349 2123 495 2188 saetarum.
530 2119 659 2186 Afric&
677 2121 705 2181 S.
718 2121 735 2174 5
750 2134 820 2173 acm
833 2137 904 2188 qaae
922 2124 1019 2189 fossae
1034 2125 1088 2175 aut
1101 2123 1150 2175 iu·
1210 2150 1212 2158 ι

42 2213 46 2229 ·
100 2193 195 2246 eidem
215 2191 374 2254 declaretis
390 2192 459 2241 cate
474 2191 577 2247 eastra
591 2192 752 2257 penusque
767 2192 838 2243 valli
851 2193 950 2260 factus
962 2195 1082 2253 esseut.)
1098 2204 1149 2243 ue-

139 2275 155 2312 e
172 2260 198 2310 si
214 2261 287 2311 velis
304 2271 338 2311 eo
354 2260 475 2325 referre,
499 2272 553 2310 uon
576 2259 676 2318 liesca
700 2263 794 2323 supra,
806 2273 832 2311 c.
845 2264 880 2314 32
903 2260 1150 2328 eeettaiipepctt
1259 2299 1266 2320 s

132 2329 228 2382 omani
240 2329 381 2379 dicamur:
405 2329 454 2379 nos
467 2327 499 2378 in
511 2327 685 2395 deditionem
695 2329 797 2393 popule·
809 2330 846 2381 lt.
860 2331 996 2392 reductos
1008 2331 1053 2396 qui
1065 2331 1149 2396 dieat,

102 2397 262 2463 Quintiliani
280 2399 406 2462 exemplo
425 2410 457 2447 se
475 2399 585 2449 tueatur
603 2401 635 2464 2,
654 2401 687 2448 16
705 2397 764 2458 §.9
787 2392 913 2463 negantis
931 2403 1026 2469 tequam
1042 2411 1149 2465 reper-

99 2473 183 2523 tores
202 2468 265 2519 sine
284 2479 395 2518 semesa
412 2465 444 2529 os·
464 2466 570 2516 oreada·
588 2471 770 2530 consecutos,
793 2472 828 2521 eet
846 2482 879 2521 se
894 2470 952 2534 ipss·
970 2471 1098 2523 nomines
1109 2469 1149 2520 acl

99 2537 333 2591 servitutem
354 2536 461 2587 iaris
482 2535 693 2601 astrinqerent.
728 2537 816 2598 Atque
835 2539 916 2589 ctiam
930 2539 1069 2590 ciceronis
1084 2538 1149 2591 Pisi-

100 2607 170 2673 lipp.
180 2605 216 2673 4,
232 2603 249 2656 5
273 2613 346 2658 extr.
369 2604 423 2655 leae
440 2601 554 2664 virtute
573 2604 701 2655 maiores
717 2604 813 2656 vestri
824 2632 859 2648 -—
870 2608 1083 2671 potentissimos
1094 2618 1149 2659 re·

55 2699 62 2721 0
98 2689 166 2747 pes,
186 2673 413 2726 bewieosiseimae
431 2675 532 2738 qantos
549 2672 581 2725 ἐπ
603 2673 836 2726 deditionem
858 2675 943 2737 ictus
961 2677 1077 2743 imperii
1095 2688 1149 2731 re·

99 2745 263 2814 deamat,
278 2744 304 2793 si
316 2742 345 2794 iu
357 2741 452 2796 codice
465 2742 599 2795 vaticano
611 2745 670 2806 est,
688 2745 853 2795 seruandum
865 2753 938 2806 puto.

133 2815 201 2877 cap.
213 2811 259 2864 35.
282 2811 310 2872 S.
324 2815 349 2863 1.
383 2811 547 2874 incolerent]
569 2811 796 2868 eelereattlteia.
809 2812 841 2867 c.
854 2815 934 2870 Vrat.
948 2817 979 2867 Β.
991 2815 1075 2868 bonu.
1092 2811 1148 2868 lue.

98 2882 230 2937 incolent
247 2882 324 2933 Laid.
337 2881 368 2931 Β.
393 2880 437 2931 cl.
451 2879 500 2932 int·

98 2951 403 3073 „elicii'clilli
411 2948 813 3071 iciwll'tilfflii‘iffliii
827 2949 1078 3079 leitils
1091 2961 1149 3073 iii*
1237 2942 1240 2949 “

99 3091 150 3157 qut
162 3104 195 3143 ee
205 3112 242 3126 -
253 3089 377 3139 muros
389 3112 426 3126 -
437 3089 573 3154 foetores
583 3089 653 3152 poll.
671 3088 746 3139 beia.
760 3089 791 3139 Β.
810 3088 894 3152 song.
908 3090 941 3142 Ο.
954 3092 1002 3142 Dr.
1017 3093 1047 3144 Β.
1062 3091 1146 3146 Vino.

97 3161 131 3212 ll.
154 3171 229 3226 quoe
248 3157 382 3208 notiones
399 3169 431 3208 se
442 3177 477 3192 -
490 3157 617 3209 datarus
630 3181 666 3193 ·-
680 3159 815 3224 foeturas
834 3161 903 3224 poll.
920 3160 996 3212 beto.
1011 3163 1045 3213 Δ.
1072 3175 1146 3228 quoe

97 3242 128 3280 ee
141 3254 176 3267 -
188 3229 314 3280 accerse
326 3248 361 3262 ·-
371 3226 509 3295 scameras
527 3227 596 3290 poll.
620 3226 719 3290 reliqui
739 3229 830 3294 coda,
853 3228 934 3279 etiam
952 3229 1024 3280 llav.
1043 3233 1094 3295 A„
1117 3233 1146 3282 et

89 3298 156 3349 eci.
179 3297 247 3358 Quis
259 3299 326 3346 ve'ro
339 3297 549 3358 condelegatis
562 3294 670 3360 potius,
687 3309 766 3361 quam
776 3297 811 3347 de
823 3297 976 3350 nationibus
989 3300 1056 3351 baec
1070 3300 1145 3352 dieta

96 3361 215 3418 macti
238 3367 401 3428 praesertim
422 3377 482 3414 enm
506 3363 630 3417 nationes
646 3365 701 3416 iarn
721 3366 877 3417 declaratae
895 3369 949 3417 sint
962 3369 1056 3421 verbis
1071 3382 1145 3435 qaue

94 3439 183 3488 treus
202 3435 336 3488 Rhenum
354 3435 535 3499 incolerent,
559 3434 665 3497 legatos
679 3442 770 3485 autem
783 3436 928 3487 scribentis
941 3437 1030 3489 animo
1041 3439 1145 3492 obver-

96 3515 173 3556 satos
195 3518 258 3555 esse
278 3504 419 3568 sequentia
438 3517 509 3568 qaue
526 3503 684 3569 leqats'eaee
700 3505 892 3555 demonstrent.
926 3507 1041 3559 Generis
1054 3510 1145 3560 autem

10 3623 13 3630 ,
95 3573 306 3637 discrepantiam
317 3572 482 3636 pronominis
495 3571 606 3625 relativi
618 3577 647 3623 et
660 3573 860 3637 participiorum
871 3564 991 3627 librariis
1003 3577 1145 3630 offensioni

93 3644 182 3695 tuisse
201 3651 231 3694 et
248 3656 310 3695 cum
326 3641 471 3705 heliensis
484 3643 516 3693 lt,
534 3650 563 3694 et
581 3641 664 3697 trium
680 3642 819 3712 alimum,
835 3651 891 3696 tum
903 3657 972 3700 uero
983 3645 1067 3700 etlam
1077 3649 1145 3702 vul·

110 3798 304 3863 oceanumque
332 3796 483 3865 attingunt]
526 3809 581 3853 uon
621 3797 677 3851 isto
695 3799 768 3851 bello
788 3796 917 3852 debuisse
933 3798 1092 3870 videretur,
1114 3812 1143 3856 et

60 3876 136 3922 trare
153 3869 389 3920 mediterraneum.
622 3875 713 3920 mmeu
726 3872 832 3934 legatos
845 3869 1142 3926 miseruutetclaiitio-
1222 3923 1225 3928 .

254 3992 257 3997 ,
621 3940 857 3992 uomobtulerunt.
892 3939 989 4004 ltaque
1006 3943 1142 4006 auplicem

108 4002 177 4067 cap.
190 4002 235 4056 ³5.
251 4002 279 4064 S.
289 4006 314 4054 1.
338 4001 502 4066 incolerent]
521 4004 580 4056 lie-
622 4006 812 4060 coniunctivae
824 4005 956 4062 rationem
966 4013 1049 4064 babet
1062 4011 1142 4064 simi-

58 4082 110 4124 nus
124 4081 186 4124 erat
199 4074 332 4137 quoddam
342 4074 490 4140 nationum,
509 4076 581 4138 qucu
621 4075 825 4142 lambecius,
848 4079 882 4128 (le
902 4091 955 4143 quo
975 4079 1006 4134 iu
1024 4083 1086 4136 san.
1098 4093 1140 4134 cr.

16 4169 21 4176 ·
63 4143 205 4209 mlouge
218 4144 330 4210 aberat,
352 4143 581 4198 muibnnoveri
621 4146 745 4202 suaet
760 4144 816 4209 8=¹
832 4145 960 4201 lirinus.
