2572 4688
390 280 596 378 statu.
637 274 881 392 ons.-as“·3i
1090 289 1155 359 aas
1264 340 1266 345 .

61 474 220 541 nationes
236 471 315 539 anni
334 464 663 563 tempestuosius,
684 466 776 564 quod
790 473 897 541 hiems
913 466 1072 559 suberat,
1091 476 1155 544 boe

61 567 177 630 faeere
198 563 428 649 neglexerunt.
802 618 806 627 .

148 674 151 679 ’
167 651 224 719 28.
252 648 379 715 Eodem
401 651 471 714 iere
488 653 642 736 tempore
661 644 805 731 Caesar,
832 649 899 716 atsi
912 670 1019 738 prope
1032 656 1150 718 sxaeta

63 737 131 802 iam
152 743 272 803 aestas
291 747 385 818 erat,
414 745 525 803 tamen
544 734 634 822 quoti
651 736 741 801 omni
758 735 870 803 Gallia
890 747 1009 825 putata
1023 736 1149 808 Morini

62 825 278 913 Menapiique
294 831 503 914 supererant,
524 823 582 911 qui
595 822 630 889 in
643 824 748 889 armis
762 829 877 890 essent
891 846 998 912 nequa
1012 824 1058 891 ad'
1070 849 1148 894 sum

61 932 222 1000 uniquam
244 913 374 996 legatos
397 911 439 978 ds
458 931 540 1002 paee
558 910 749 992 misissent,
770 911 959 978 arbitratus
973 911 1008 977 id
1021 914 1149 982 ballum

61 1001 223 1088 solariter
244 1000 364 1066 eoufiei
383 1021 485 1091 posse
506 1019 546 1064 eo
567 990 751 1065 exereitum
774 998 947 1085 adduxit]
967 1000 1027 1087 qui
1048 1003 1149 1094 longe

96 1186 172 1239 (lota.
190 1185 244 1239 tiu.
266 1187 442 1240 saturatas
458 1187 540 1241 Vrat
555 1185 589 1240 ⁰.
605 1184 688 1239 vind.
706 1185 730 1240 1.
758 1185 925 1241 Marones.
948 1188 1068 1242 malua.
1093 1191 1150 1245 Oa·

95 1259 185 1310 testa
212 1261 339 1310 rasates.
361 1256 477 1309 ausast.
501 1257 611 1308 butates
627 1257 709 1308 vind.
729 1259 764 1309 A.
781 1259 808 1308 b.
825 1269 850 1306 e.
871 1257 1044 1326 liberasses,
1066 1262 1148 1329 Sani,

82 1322 238 1394 'vasam
268 1328 443 1394 Tarusates,
473 1327 576 1391 Ausci,
602 1324 755 1376 Sibtdates.
789 1326 866 1377 liaeo
889 1327 997 1379 nonina
1021 1331 1148 1382 librarius

94 1407 187 1459 prava
208 1397 380 1458 syllabarum
402 1394 576 1448 distinetione
599 1404 743 1461 surrupta,
772 1397 804 1445 ut
825 1405 899 1446 nove
914 1396 1089 1464 viderentur,
1112 1413 1147 1450 ex

95 1472 223 1517 nonesto
246 1467 393 1516 seeundum
416 1466 611 1527 preineritlas
633 1464 746 1528 codiee,
774 1464 871 1528 inquo
888 1465 991 1532 ilaus,
1015 1467 1148 1521 (insumul

95 1542 124 1585 et
147 1535 276 1587 Elusates
292 1535 388 1587 omissi
405 1541 435 1584 et
451 1546 500 1595 pro
517 1531 736 1598 Bigerrionibus,
760 1532 866 1584 Ptiauis
883 1533 1077 1587 ssvaesttbns
1096 1538 1146 1588 tu-

95 1604 228 1669 barones,
256 1603 324 1655 Sani
346 1611 375 1653 et
399 1604 524 1655 Vasates
543 1600 624 1665 positi
647 1605 757 1667 essent,
786 1602 899 1664 petiisse
912 1605 1148 1667 et:anplltlsatae

94 1671 289 1725 commutasti
308 1668 503 1722 enumerationi
521 1671 659 1723 atieaisse
676 1673 812 1733 uinquam
830 1671 1054 1733 supplemeuttint'
1068 1676 1148 1726 vide·

96 1749 152 1791 tur.
185 1741 280 1791 situlis
303 1742 366 1803 quid
384 1743 440 1792 o.7
458 1739 517 1800 §.A
537 1741 699 1793 vuellorunt
717 1742 745 1791 et
760 1751 785 1789 s.
799 1741 818 1789 9
832 1738 862 1800 S.
874 1740 894 1791 8
908 1741 1148 1797 Ambianorum'in

93 1807 200 1861 nonime
217 1808 352 1861 accidisse
370 1809 582 1872 suspicabamur.

130 1878 158 1938 S.
173 1881 200 1929 2.
240 1880 379 1939 nationes]
412 1880 561 1931 auctiones
585 1877 682 1928 ilanb.
712 1875 848 1928 coartatas
870 1877 899 1927 S.
923 1875 974 1928 (tx.
998 1881 1060 1932 Ait.
1084 1890 1149 1934 ante

91 1959 164 1999 sorr.
181 1947 267 1999 vase.

130 2015 197 2079 cap.
210 2015 254 2067 28.
278 2013 305 2074 S.
321 2018 346 2066 l.
380 2014 478 2066 Morini
496 2012 681 2076 Menapiique]
710 2011 786 2062 uase
803 2024 889 2074 usque
906 2016 941 2065 td
959 2015 1019 2066 Hos
1035 2029 1101 2070 eam
1120 2016 1149 2085 4,

92 2091 111 2137 3
135 2084 192 2145 §.t
213 2085 240 2133 in
265 2085 345 2135 Goth.
369 2087 403 2134 A.
429 2083 524 2136 exciso
546 2083 614 2134 iulio
634 2086 740 2132 desunt.
774 2082 828 2133 Pro
844 2082 1030 2149 Menapiique
1047 2089 1095 2138 υτ.
1111 2092 1146 2139 A.

92 2154 314 2221 Menappttqae,
338 2153 421 2216 Bnug.
446 2157 479 2204 A.
503 2152 693 2216 Menapipae,
718 2151 815 2201 ilanb.
832 2153 1043 2223 Mennpptqtte,
1065 2158 1145 2210 Vrat.

93 2229 128 2276 A.
146 2223 276 2287 Menapii
294 2223 418 2276 exhibet:
438 2224 641 2284 metaphrastes
658 2232 706 2272 eos
726 2219 825 2269 onisii.
852 2224 887 2273 Et
900 2224 1040 2274 Glareano
1052 2227 1146 2278 nascio

92 2292 158 2358 quid
177 2294 334 2354 scrupulum
357 2291 465 2355 iniecit,
490 2303 543 2354 quo
564 2289 652 2341 miuus
669 2300 761 2340 eorum
778 2290 996 2353 uterinos-amque
1014 2297 1044 2344 ut
1061 2296 1146 2346 liniti-

65 2420 68 2425 ,
89 2373 198 2414 unorum
220 2360 437 2412 coniunctionem
461 2359 523 2410 sine
542 2359 708 2411 dubitatione
724 2359 827 2425 terret,
850 2373 912 2411 cuni
929 2362 1035 2413 caesar
1052 2377 1100 2415 eos
1118 2375 1147 2417 et

82 2428 165 2498 ·2,4
186 2429 355 2481 coniunxerit
378 2431 406 2480 et
429 2425 463 2495 4,
480 2428 517 2481 38
538 2428 579 2479 lta
603 2427 730 2488 deinceps
754 2434 854 2496 ponat,
885 2437 916 2480 nt
938 2430 1066 2484 finitimos
1090 2447 1145 2487 non

91 2500 184 2552 saissa
199 2494 308 2553 trinitus
326 2501 465 2560 sequatur.

128 2569 165 2621 ad
182 2569 256 2628 tunt]
267 2570 342 2631 'post
357 2578 428 2631 pase
447 2563 528 2615 Vinii.
546 2567 581 2614 A.
940 2585 943 2593 ·

128 2638 269 2699 uuquam]
300 2636 384 2690 Voss.
410 2637 445 2684 A.
467 2635 544 2695 ligur·
568 2633 652 2694 Bong.
670 2632 704 2680 A.
723 2626 806 2680 Viud.
823 2631 858 2680 A.
875 2642 929 2684 non
946 2645 1015 2698 aaa.
1047 2636 1080 2687 ln
1097 2638 1145 2690 Dr.

92 2709 130 2757 A.
146 2719 169 2757 rt
183 2712 336 2757 normanna
353 2710 413 2768 est,
435 2702 464 2752 iu
483 2703 563 2754 Vrat
580 2702 610 2755 B.
631 2701 773 2764 adquam,
796 2697 823 2749 lu
840 2701 1086 2770 ,turmaaqaaa
1101 2709 1145 2758 le-

132 2788 174 2826 ur.
703 2789 705 2793 ·
989 2794 992 2809 =

90 2774 259 2895 ιιιοοιοτίῒοι·
282 2839 392 2900 confici]
414 2840 495 2906 eoas.
519 2838 572 2890 eet.
590 2835 674 2889 vind.
691 2835 732 2894 A.
763 2834 894 2891 breatter
909 2841 990 2908 eoaf.
1007 2841 1089 2893 Vini.
1112 2845 1148 2894 D.

91 2913 156 2965 Qud.
172 2919 238 2962 nmo
254 2911 326 2961 veile
343 2912 364 2959 f·
825 2913 829 2920 η
865 2942 868 2951 ·
1159 2914 1163 2918 ¹

128 2979 270 3038 adduxit]
280 2977 389 3029 adunit
403 2975 500 3027 flamb.
530 2973 653 3028 abdusit
667 2973 752 3025 Dorv.
769 2972 899 3025 vrtuti.
916 2974 997 3027 Goth.
1015 2979 1045 3028 B.
1064 2980 1146 3032 vinu.

91 3052 147 3101 ult.
170 3046 294 3109 adaemt
311 3049 382 3098 liuk.
401 3045 481 3096 Vind-
499 3045 522 3095 1.
547 3044 668 3096 adducit
682 3055 745 3095 oum
760 3055 783 3093 a
802 3055 885 3106 super
900 3056 918 3095 o
936 3045 1019 3097 Voss.
1031 3050 1066 3099 A.
1090 3049 1148 3107 da-

91 3121 142 3174 ett't
159 3121 217 3170 lis.
235 3119 300 3169 Vrs.
317 3116 346 3166 in
363 3116 476 3167 Emend-
492 3114 574 3167 Vind-
590 3115 625 3165 A.
641 3115 682 3164 st.

108 3303 177 3368 cup.
184 3303 229 3356 27.
247 3300 273 3363 S.
288 3303 314 3353 2.
338 3312 444 3365 pausae
454 3298 581 3362 ultimae]
607 3343 610 3347 .
624 3311 693 3364 quas
706 3311 766 3350 cunt
779 3295 884 3351 l'iturio
897 3297 1011 3359 miserat
1023 3297 1147 3357 iuvuel·

55 3372 103 3429 cf.
117 3375 179 3428 adu.
193 3375 228 3424 ad
242 3374 275 3436 2,
292 3373 326 3423 29
343 3371 370 3432 s.
383 3375 409 3421 2.
440 3394 444 3400 ·
596 3366 599 3373 '
624 3368 668 3421 los
689 3359 726 3419 tu:
747 3368 774 3428 s.
787 3367 815 3418 t.
843 3370 912 3420 Tres
926 3369 1010 3435 igitur
1023 3373 1146 3437 legiones

110 3442 237 3500 suberat]
254 3439 296 3491 Gi.
311 3443 345 3492 ad
355 3444 378 3505 1,
386 3436 421 3490 25
434 3435 488 3498 st
500 3435 581 3490 diota.
625 3438 652 3487 el
665 3451 727 3490 cunt
739 3445 800 3488 ooto
811 3430 1146 3563 cohortibus'supererau2

111 3513 178 3575 cap·
193 3510 236 3562 28.
261 3509 287 3570 8.
302 3513 327 3561 1.
368 3508 468 3561 Morini
485 3509 583 3559 Meua·
624 3520 693 3574 quas
714 3508 879 3559 exaratum
899 3514 997 3577 uuest,
1022 3513 1051 3560 ut
1068 3515 1124 3563 et

36 3634 39 3640 ,
57 3579 164 3646 piique]
185 3581 227 3630 De
241 3591 334 3633 eorum
346 3577 402 3632 situ
413 3580 452 3630 of.
468 3579 531 3629 adu.
546 3580 581 3628 atl
601 3621 604 3628 .
618 3575 651 3663 ,ς
665 3576 683 3628 8
701 3577 732 3628 ia
744 3580 898 3640 conspecta
909 3579 1043 3630 Caesaris
1054 3583 1145 3645 atque

56 3646 171 3718 2,4S·
185 3649 211 3701 8.
224 3652 252 3700 9.
393 3646 395 3653 ⁴
425 3644 431 3655 “
513 3641 516 3652 “
558 3655 564 3666 “
603 3646 717 3696 ''omut's
738 3648 906 3712 exercitas,
933 3648 967 3696 ol.
986 3661 1012 3699 c.
1027 3650 1062 3698 20
1086 3648 1145 3708 §.²

111 3732 144 3770 eo
168 3717 317 3769 exercitum
349 3711 475 3776 adduxit]
509 3727 580 3782 eum,
623 3717 657 3764 de
684 3715 800 3766 Crasso:
830 3717 861 3766 ia
882 3718 1048 3767 sontiatum
1072 3717 1146 3784 fiaes

57 3801 139 3852 quem
152 3790 181 3839 lu
195 3787 310 3839 Venetis
322 3786 468 3852 babuerat,
487 3786 580 3837 ‹letra-
622 3786 786 3835 oneratam
798 3784 977 3836 introdusit.
994 3787 1053 3837 Non
1065 3789 1143 3851 prius

57 3859 114 3908 etis
129 3860 245 3920 primum
258 3855 392 3918 equitibus
404 3868 466 3905 cum
479 3854 581 3904 Labie·
623 3857 714 3904 autem
727 3867 762 3904 ex
771 3856 886 3905 Venetis
899 3852 1021 3906 novisse
1036 3855 1142 3909 Caesa-

60 3938 94 3977 no
113 3928 141 3977 in
163 3927 293 3977 treviros
311 3924 403 3990 missis
415 3937 442 3977 s.
457 3926 490 3972 11
511 3921 538 3980 s.
553 3925 580 3988 l,
624 3935 682 3973 reru
695 3923 834 3984 probabile
848 3931 907 3989 est,
925 3934 1071 3987 quiam'nou
1084 3938 1144 3977 tuo·

58 3996 156 4046 deinde
168 3996 324 4046 cohortibus
338 4008 402 4056 κη,
420 4002 487 4056 quas
496 3992 582 4043 cras-
620 3995 658 4042 do
672 3993 704 4042 de
715 3993 812 4042 Titurii
825 3992 954 4058 victorin,
970 3996 1005 4044 de
1017 4007 1072 4058 qua
1084 3994 1145 4057 ipse

59 4077 92 4115 eo
105 4065 134 4115 iu
147 4065 298 4129 Aqtritanns
314 4062 451 4113 dissentias
470 4054 582 4112 dederit
619 4061 706 4111 uestis
720 4063 763 4111 est
777 4074 802 4111 e.
818 4065 851 4111 to
869 4062 895 4122 S.
909 4061 935 4127 5,
954 4064 1096 4115 sedetiam
1109 4066 1145 4114 de

53 4129 94 4186 lb.
107 4133 169 4203 SA,
184 4134 303 4199 desnos
316 4130 469 4198 legionibus
483 4129 581 4200 tribus,
596 4144 599 4149 ’
624 4130 722 4195 proelii
741 4129 898 4196 Aquitanlel
918 4133 1019 4183 eventu
1041 4131 1144 4186 nertior

746 4196 936 4265 »tut
