2572 4688
416 249 520 319 tiit.
547 248 595 322 ll.
639 247 761 321 GAP,
788 252 834 319 ²⁰
1096 185 1191 315 167¹·

79 440 230 524 insigne,
259 460 335 506 cum
356 436 400 506 ed
420 459 514 506 arma
535 437 690 508 concurri
712 440 904 529 oporteret,
931 433 1064 520 signum
1078 428 1167 499 tnite'

79 527 246 608 dandum,
275 526 318 593 ab
338 548 438 617 opere
455 524 635 595 revocandi
654 525 798 608 milites,
825 525 886 614 qui
905 525 1006 613 paulo
1026 519 1164 608 longius
1205 548 1210 557 ·

80 615 214 701 aggeris
227 613 365 704 petendi
379 636 481 681 censa
496 620 749 704 processerant,
770 609 981 691 arcessendi,
1002 610 1089 675 ecies
1109 607 1160 673 in·

79 702 260 785 struenda,
286 702 412 771 milites
434 701 650 785 cohortandi,
677 702 809 789 signnm
832 698 991 783 dandum.
1065 693 1202 785 Qua-2

79 875 159 925 quem
183 867 432 926 veterumtqncqne
451 858 600 923 imperato·
641 859 747 912 demnm
770 856 903 921 proelium
922 851 1093 910 commissuri
1112 864 1164 903 es-
1260 893 1262 898 .

79 930 473 983 rumconeuetudinemiuisse
487 929 599 991 peritio-
626 939 713 981 sent.
755 929 878 979 Eundem
901 935 992 979 eutem
1014 922 1046 975 in
1070 923 1162 975 locun

79 1010 125 1052 res
139 1000 263 1063 protecto
276 1010 331 1051 non
342 998 430 1064 magis
444 998 575 1064 fugiebat.
641 997 807 1050 convocandi
821 1004 885 1047 tunc
899 1001 980 1047 erent
993 1000 1022 1044 ct
1033 1003 1100 1055 opus
1113 990 1161 1043 te-

130 1070 238 1134 signnm
263 1068 330 1120 tube
352 1068 480 1127 dandum]
511 1067 599 1119 liuius
642 1066 746 1119 cientes
762 1074 929 1131 eteggerem
942 1068 1075 1127 petentes,
1091 1069 1160 1122 qno-
1264 1101 1266 1108 .

80 1136 153 1203 signi
166 1139 298 1191 rationem
311 1135 599 1188 eleandemlricobti·
640 1148 702 1190 rum
723 1135 840 1202 mentio,
869 1134 895 1184 si
912 1134 979 1185 tuba
995 1135 1159 1193 praesentes

79 1220 144 1258 nere
160 1215 304 1272 putemus,
325 1217 394 1268 quse
406 1203 473 1257 uiihi
485 1205 597 1270 obtinet,
639 1206 818 1270 convocabat,
834 1201 974 1268 aptissime
987 1200 1030 1251 luis
1043 1197 1167 1250 ceniun·‘

79 1280 108 1327 ut
122 1275 183 1327 civ.
197 1280 232 1341 3,
248 1272 300 1326 46:
321 1275 389 1326 tuto
403 1273 515 1340 siccum
528 1274 599 1326 dori
639 1276 781 1326 etaestet
794 1272 918 1327 vicissim
931 1268 1158 1322 innocentiorem

79 1347 169 1411 otone
192 1343 224 1395 itr
248 1341 346 1396 itcstce
371 1344 510 1408 impetum
529 1341 597 1411 liert
638 1344 709 1396 hanc
729 1342 816 1407 ipsam
835 1342 924 1393 inisse
942 1336 1093 1389 verisimile
1111 1335 1158 1391 is-

24 1416 29 1425 '
79 1412 182 1478 tussit,
206 1419 235 1464 et
252 1412 355 1465 iosos
379 1412 597 1477 senescentibus
639 1413 686 1464 cit.
720 1414 811 1476 Atque
824 1410 930 1464 omnino
947 1405 1041 1460 nescio
1058 1403 1158 1457 enin-

78 1482 217 1535 miiitidus
242 1483 273 1533 ct
289 1481 387 1534 studio
407 1495 522 1549 cepnae
543 1495 597 1535 or·
638 1484 682 1534 ter
706 1482 822 1545 primurn
850 1481 935 1546 illud,
963 1476 1034 1541 quod
1052 1471 1157 1527 vexillo

77 1551 210 1605 dentibus
223 1549 292 1602 tuto
305 1551 420 1618 Quom
431 1552 528 1616 dedit,
545 1562 597 1616 qno
640 1552 755 1604 dabutur
776 1558 805 1601 et
823 1549 853 1602 in
871 1556 1011 1613 posterum
1031 1554 1157 1596 nonnun-

78 1624 153 1674 iueto
172 1618 314 1672 Orestinus
335 1628 469 1672 evocatus
494 1621 597 1683 primus
638 1633 719 1685 quam
732 1620 804 1671 diem
816 1616 1030 1682 proponebatur,
1047 1610 1156 1664 stulti·
1233 1606 1238 1619 ¹

78 1703 113 1742 ex
124 1691 221 1741 dcxtro
235 1701 319 1745 cornu
332 1689 476 1755 procurrit,
493 1692 523 1739 et
534 1690 596 1740 Ait.
638 1701 711 1740 mum
729 1691 766 1741 ud
780 1687 871 1752 ipsum
883 1695 1059 1748 congressum
1069 1678 1157 1744 perti·

77 1772 104 1809 c.
117 1758 153 1810 83
170 1757 197 1821 S·
211 1759 229 1808 3
242 1766 270 1808 et
281 1750 315 1824 4,
332 1771 424 1809 rernm
438 1766 502 1810 ente
516 1768 596 1820 proe-
637 1770 707 1808 nens
725 1756 895 1809 intercedere
915 1753 1023 1818 aliquod
1040 1760 1157 1802 necesse

76 1828 144 1881 iium
164 1827 329 1892 agendarum
347 1828 467 1880 ordinem
480 1839 597 1890 perver-
637 1828 722 1878 iuerit
740 1826 811 1892 ioci,
833 1826 862 1876 in
880 1837 958 1890 quem
977 1833 996 1872 e
1014 1816 1156 1883 principiis

77 1910 140 1949 snm
159 1909 179 1948 rt
195 1898 330 1959 scriptore
354 1895 439 1946 interi
464 1897 595 1964 cogimur,
638 1896 700 1947 sive
720 1895 871 1963 praetorio,
893 1907 946 1957 quo
961 1890 1091 1941 uexillum
1103 1899 1156 1939 vo·
1249 1932 1252 1943 t

76 1979 141 2018 cum
160 1964 288 2028 impetum
307 1964 402 2017 iecere
418 1964 509 2016 iussos
521 1965 595 2015 miii·
617 1959 747 2033 'cerset,
776 1977 840 2015 sese
868 1964 1024 2013 conferrent
1046 1956 1156 2024 armati,

75 2043 120 2087 tes
132 2048 220 2100 neque
232 2034 261 2085 in
272 2033 332 2086 ucis
345 2035 489 2097 disponere
506 2042 595 2099 neque
636 2034 760 2103 signnm,
777 2035 848 2099 quod
862 2045 914 2096 quo
926 2030 1013 2082 minus
1025 2028 1091 2079 tuba
1104 2027 1156 2078 ds·

74 2102 215 2157 coronari
234 2103 352 2165 emplius
371 2104 516 2166 imperator
529 2115 594 2166 pos·
636 2104 661 2157 ri
674 2105 784 2158 solitum
798 2105 966 2165 statuamus,
989 2097 1056 2149 nihil
1067 2097 1155 2159 impe-

74 2174 122 2244 sit,
156 2172 205 2225 Siti
223 2174 362 2225 mterncd
376 2175 546 2225 revocandos
559 2172 594 2223 ab
636 2173 685 2226 dit.
708 2174 790 2224 iubis
804 2172 910 2236 quidem
924 2167 985 2220 esni
998 2173 1156 2230 antepros-

74 2256 161 2308 opere
177 2241 279 2292 milites
296 2248 325 2291 et
342 2243 378 2293 ed
390 2255 456 2307 eos,
473 2241 519 2305 qni
533 2244 593 2293 lnn-
636 2243 677 2295 lie
701 2254 754 2294 non
780 2242 866 2294 senei
892 2251 979 2302 neque
1004 2247 1156 2287 concursus
1176 2240 1181 2251 ’

73 2313 137 2379 gius
166 2309 373 2378 processerant,
414 2313 595 2362 arcessendos
636 2320 741 2365 tentum
755 2308 875 2363 faciendi
892 2319 978 2360 cause
992 2305 1155 2358 consuevis-

73 2387 126 2435 hoe
139 2379 247 2446 siguum
259 2381 340 2431 tunae
352 2379 515 2443 pertinuisse
533 2379 594 2430 exi-
636 2395 668 2431 se
681 2381 792 2444 Lipsius
814 2382 847 2429 de
861 2377 917 2429 mil.
932 2374 1057 2444 Romi,
1075 2373 1111 2424 10
1126 2387 1155 2436 p.

73 2451 235 2514 stimemus,
257 2449 408 2501 cuiusmodi
424 2450 519 2511 opimo
543 2462 593 2511 pe·
637 2453 689 2502 199
706 2447 910 2501 demonstravit.

72 2520 180 2585 perisse
209 2517 318 2569 videtur
346 2514 484 2569 r'eooeari
516 2517 592 2582 illud,
687 2521 794 2582 signnm
806 2518 936 2575 dandum]
954 2511 1080 2575 Plerique
1092 2512 1155 2564 tce·

72 2591 144 2655 qnod
164 2599 214 2652 pro
232 2588 390 2640 revocandi
407 2587 435 2636 in
453 2585 592 2637 codicibus
634 2598 743 2654 strom,
760 2599 839 2650 quum
851 2583 1026 2646 Francogclli
1038 2582 1152 2646 parole,
1221 2634 1224 2638 ,

70 2658 149 2712 held.
163 2660 197 2729 ᾼ.
210 2664 238 2706 st
249 2658 321 2708 Scel-
339 2664 367 2707 et
386 2656 592 2723 revocandum,
633 2660 770 2709 nostrates
784 2648 968 2772 {teloqcidpteh
984 2647 1084 2715 ieiuno
1100 2652 1154 2700 v'c·

72 2729 144 2794 quod
156 2727 185 2778 in
195 2725 345 2778 Petevieno
360 2728 461 2792 exstet,
475 2725 592 2777 sutrim
634 2734 698 2777 cent
715 2725 854 2792 („sy1nbo
867 2737 910 2774 nm
922 2720 1062 2784 bellicum,
1080 2719 1152 2784 qnod

70 2795 216 2848 mnrium
235 2795 343 2861 verbis,
368 2807 439 2859 quae
452 2797 485 2844 de
502 2795 590 2845 tribus
634 2798 668 2847 od
683 2805 800 2859 pugnam
813 2790 973 2860 exeuntibus
986 2789 1075 2854 detur,
1093 2786 1151 2837 sci-

72 2865 168 2930 eisq‘ue
185 2863 304 2915 diversis
321 2865 405 2914 rebus
419 2863 533 2927 cogitari
546 2863 589 2912 iu·
631 2865 697 2916 iicet
711 2872 820 2929 propter
837 2860 1021 2912 confusionem
1042 2855 1151 2906 eviten-

71 2935 154 3002 irsnt,
181 2940 231 2983 ent
254 2932 372 2997 iniquius
395 2934 441 2982 de
455 2932 590 2995 scriptore
632 2935 716 2984 dem·
736 2934 846 2984 Graece
858 2930 956 2979 dicitur
968 2922 1108 2991 σῦνθημα,
1121 2931 1153 2975 nt

72 3003 220 3071 sentimus,
235 3002 283 3066 qni
297 3003 367 3067 quod
378 3014 461 3053 unum
473 3009 549 3051 esset
561 3009 590 3051 ct
630 3002 685 3053 init
703 3002 730 3051 in
751 3003 823 3052 bello
836 2999 916 3050 Marii
932 2997 994 3048 Lar
1008 2997 1095 3062 deos,
1120 2994 1150 3044 in

72 3072 207 3138 simplex,
236 3083 284 3135 pro
307 3071 410 3124 duobus
430 3071 479 3120 vei
502 3071 589 3120 trinus
631 3072 728 3134 syllae
739 3071 839 3136 Apollo
850 3067 1018 3133 catolicos,
1034 3064 1063 3114 in
1075 3062 1148 3115 ceess

70 3140 234 3193 vendiderit.
261 3141 355 3204 Neque
368 3153 436 3192 vero
447 3152 590 3192 removere
633 3140 706 3191 saris
722 3143 816 3191 Venus
828 3131 999 3206 genitrinf‘
1032 3133 1148 3184 Servios

70 3213 108 3262 eir
126 3212 177 3262 linc
199 3211 259 3259 loco
277 3209 331 3266 trie
349 3209 400 3260 ilia
412 3213 500 3261 verbe
515 3216 543 3258 et
560 3208 590 3259 iu
632 3212 667 3262 ud
687 3211 775 3260 verba
787 3207 900 3274 Virgilii
919 3210 987 3257 Aen.
1000 3204 1033 3270 7,
1050 3204 1106 3254 637
1121 3201 1149 3254 tt

70 3281 126 3331 line
141 3275 246 3342 periodi
259 3291 307 3344 pro
320 3280 440 3346 duobus,
463 3278 590 3344 quesibi
632 3280 701 3331 detto
725 3282 837 3329 tessera
853 3276 990 3343 sianum.)
1010 3273 1148 3335 interpre-
1171 3332 1173 3337 Ι

70 3348 161 3414 posite
172 3354 253 3411 sunt,
270 3359 371 3410 ponere
382 3348 461 3415 licet,
478 3359 530 3412 quo
542 3362 589 3399 re·
631 3357 743 3414 tantur,
758 3348 837 3410 idque
850 3344 1037 3398 necessarium
1049 3350 1101 3407 est,
1121 3340 1148 3392 si

70 3417 159 3469 medio
179 3429 245 3467 usus
267 3416 369 3481 estis,
400 3418 446 3482 qui
470 3418 588 3467 codicem
631 3417 699 3472 toda
717 3418 858 3484 dandum,
879 3416 949 3480 quod
967 3423 1051 3477 supro
1068 3410 1147 3478 dixit,

68 3485 246 3538 Guiscienum
267 3485 395 3552 scripsit,
423 3499 484 3536 eum
503 3497 588 3538 censa
627 3488 742 3554 stonum
761 3487 856 3549 proelii
877 3479 1058 3536 committendi
1083 3492 1147 3529 esse

69 3555 188 3606 inveniri
203 3557 278 3606 nulle
292 3554 394 3619 possit,
416 3567 466 3605 cnr
484 3555 526 3605 nic
544 3553 588 3604 in·
630 3558 725 3606 voluit.
742 3559 835 3618 Neque
848 3568 917 3606 usne
928 3549 1149 3617 lingueecbstec.

70 3625 219 3686 tundenda,
255 3625 312 3673 illic
338 3626 504 3674 decurrenda
528 3625 587 3673 eui·
630 3624 673 3675 Gi.
685 3627 744 3676 Air.
757 3627 808 3677 83:
826 3626 908 3687 Quod
918 3618 1148 3690 postqocmcne-

69 3705 151 3756 quern
171 3694 315 3743 visasint.
349 3692 589 3760 Itaquereliquunr
629 3706 682 3744 sor
703 3693 852 3747 intellexit
870 3693 1001 3746 incitatis
1023 3689 1148 3741 militum

69 3768 130 3831 est,
153 3769 184 3812 ut
196 3762 300 3812 vexillo
315 3762 453 3823 proposito
467 3761 589 3813 edmoni·
630 3762 735 3815 anisnis
752 3764 853 3816 resisti
868 3766 948 3816 ηυιῑο
960 3761 1043 3813 modo
1053 3770 1148 3824 posse,

70 3834 115 3882 tos
134 3833 168 3881 de
187 3843 277 3893 pugna
298 3832 437 3883 incurset
457 3832 493 3882 ed
513 3843 590 3883 erma
631 3833 714 3900 siquo
732 3834 894 3884 Felicitatis
913 3834 982 3885 dato
1003 3836 1075 3896 equo
1092 3830 1147 3881 cd·

69 3900 203 3963 cupienda
233 3899 361 3949 incitatos
389 3899 490 3950 milites
524 3902 591 3953 tube
631 3903 718 3953 ntissc
737 3904 768 3954 io
786 3903 896 3956 hostem
914 3904 1020 3955 contra
1034 3898 1148 3965 prioci-

70 3969 260 4021 convocandos
271 3968 359 4019 inisse
369 3977 519 4020 statuamus
529 3985 590 4022 eum
631 3972 850 4038 perconteodit.
879 3972 980 4025 linis:
998 3981 1071 4036 equo
1085 3971 1148 4020 cir·

70 4038 100 4088 in
119 4040 225 4103 iocum,
249 4037 277 4088 in
296 4051 348 4100 qno
366 4038 421 4089 iem
438 4038 591 4092 instruendi
632 4045 798 4093 constectus
814 4042 995 4110 lectoresque
1010 4039 1149 4094 cohorto-

71 4107 107 4159 ed
126 4112 245 4175 pugnem
266 4114 295 4158 et
313 4107 468 4194 cohercendi
488 4113 517 4162 ot
535 4117 591 4164 tum
633 4111 855 4181 torsiaoodoto
866 4119 1014 4168 accessum
1025 4111 1151 4166 metium
1255 4108 1258 4117 “
