2572 4688
135 243 183 315 aa
249 341 251 346 Ι
351 314 363 353 p
403 222 476 314 on
499 239 681 313 tunso
713 240 963 347 sontico

139 429 293 526 perlicit:
324 429 492 522 Sequani,
513 455 555 500 na
571 433 694 502 itinere
704 430 883 502 Helvetios
896 431 1117 523 prohibeantt
1144 429 1234 503 liel-

140 519 243 604 vetii‚
271 524 311 586 ut
331 521 404 588 sine
419 523 584 589 maleficio
597 530 635 589 et
646 523 770 589 iniuria
782 528 973 593 transeant.
1057 523 1113 591 1⁰.
1144 518 1235 590 Cae·

143 608 216 686 sari
232 607 621 678 renuntiatnrHelvetiis
634 611 759 691 essuin
772 611 882 677 animo
896 631 959 697 per
972 629 1089 695 agrum
1101 607 1235 698 Sequa-

142 717 262 765 norum
284 703 321 764 ot
340 695 559 765 Haeduorum
580 699 650 765 iter
668 699 703 764 in
721 697 907 766 Santonum
921 697 1006 764 fines
1020 697 1152 778 iaosra,
1174 699 1236 786 qui

28 808 43 864 “,
143 806 208 851 non
227 787 329 877 longa
352 807 372 851 a
392 783 606 854 Tolosatium
627 786 751 853 finibus
768 787 912 868 absunt,
937 806 1024 875 quau
1041 785 1165 852 civitas
1178 791 1236 853 est

101 878 124 940 2
144 862 383 963 in‘provinoia.
454 872 496 941 ld
516 876 548 942 si
565 876 681 956 fieret,
711 873 930 961 intellegebat
942 893 1061 959 magno
1078 895 1155 940 oum
1172 886 1238 962 pe-'

143 962 253 1028 riculo
266 960 460 1049 provinciae
474 964 647 1043 futurum,
668 971 709 1029 ut
725 964 877 1030 homines
892 961 1091 1040 bellicosos,
1112 961 1235 1050 populi

144 1048 291 1117 Romani
309 1049 482 1132 inimicos,
508 1052 595 1119 locis
611 1051 806 1135 patentibus
823 1051 1031 1136 maximeque
1046 1049 1235 1115 frumenta·

63 1174 65 1179 ·
102 1137 208 1204 Sriis
222 1137 549 1210 finitimoshaberet.
604 1138 732 1205 Obsas
747 1160 867 1205 causas
881 1138 912 1203 ei
928 1136 1118 1216 munitioni,
1157 1157 1235 1202 nani

143 1219 290 1302 iecerat,
311 1218 357 1291 Τ.
370 1219 557 1289 Labienum
570 1227 719 1309 legatum
733 1224 917 1313 pruefenit3
946 1224 1024 1329 ipso
1041 1223 1077 1288 in
1095 1158 1234 1290 {cilliam

212 1395 281 1462 cap·
302 1397 346 1450 10.
372 1395 399 1459 8.
419 1401 445 1450 2.
486 1398 676 1464 intellegebat]
708 1399 886 1467 tuteltipelot
904 1396 970 1452 editi
989 1402 1053 1449 ante
1073 1397 1160 1467 oud,
1190 1394 1237 1461 qui

179 1466 264 1531 llong.
282 1466 317 1517 l.
335 1474 364 1518 et
381 1467 487 1519 omnino
499 1469 665 1520 vetustiores
685 1470 811 1536 codices,
836 1469 934 1534 nteit,
958 1477 1067 1530 semper
1078 1469 1122 1531 lc,
1137 1479 1192 1519 nou
1203 1467 1237 1532 li,

180 1537 338 1588 exhibentes
358 1540 470 1588 secutus
489 1546 541 1588 est.
575 1540 617 1588 Ad
635 1540 720 1602 Bong.
737 1541 771 1589 A.
785 1540 918 1591 aooedunt
931 1537 957 1588 b.
971 1537 991 1588 l.
1001 1535 1085 1588 vind.
1098 1540 1133 1589 A.
1147 1543 1177 1589 et
1190 1537 1236 1602 qui

65 1616 69 1622 ·
179 1604 331 1673 tutellepot
344 1607 459 1684 bahent7
476 1608 546 1659 Lov.
559 1615 588 1657 et
601 1608 679 1660 Gotlr.
695 1610 725 1658 Β.
756 1611 759 1617 ’
896 1634 901 1651 t
1219 1615 1222 1621 ·

213 1676 335 1740 periculo
355 1675 527 1738 provinciae]
549 1689 635 1742 prov.
650 1689 716 1742 per.
733 1675 813 1727 Vrat.
827 1672 859 1728 (i.
872 1673 952 1727 doti.
964 1673 995 1725 ll.
1011 1673 1093 1725 vind.
1105 1674 1163 1724 DE.
1176 1675 1237 1726 edd.

180 1754 245 1795 suto
262 1744 331 1797 0ud.
349 1753 459 1806 praeter
480 1749 588 1812 stepin,
612 1754 667 1799 tum
681 1747 739 1807 ipse
753 1744 821 1794 Oud.
834 1744 863 1795 in
877 1758 933 1797 sec.
945 1747 989 1796 ed.
1001 1743 1096 1794 nescio
1110 1756 1192 1807 quam
1202 1746 1236 1796 ob

180 1826 301 1866 oausam.
337 1813 493 1876 interpositi
505 1816 621 1866 nominis
634 1817 737 1879 pondus
749 1813 839 1864 minus
853 1822 912 1883 est,
931 1826 1011 1880 quam
1021 1813 1177 1877 postpositi.

214 1881 307 1944 populi
326 1880 456 1945 Romani]
488 1885 645 1936 (ienitivnm
668 1882 806 1947 expressit
824 1884 927 1946 primus
947 1884 1052 1946 Aldus,
1074 1885 1238 1949 antequem

115 2012 117 2016 Ι
182 1951 354 2002 scribebatur
371 1965 420 2020 po.
435 1966 481 2004 ro.
521 1955 555 2006 ln
574 1954 710 2006 vindi).
731 1952 831 2018 legitur
847 1954 953 2020 populo
972 1964 1112 2018 romono,
1136 1948 1207 2015 duod
1220 1965 1239 2004 a

180 2018 377 2102 Caesariensn
390 2034 446 2078 non
456 2021 573 2077 alienum
587 2026 641 2075 est.
673 2021 717 2075 ci.
731 2025 747 2072 2
755 2056 765 2092 ,
782 2023 832 2073 st:
847 2023 902 2076 tibi
913 2034 1009 2075 omnes
1022 2023 1089 2090 fere
1098 2019 1239 2088 prutenos

180 2102 243 2145 etse
257 2102 398 2150 tnttutcut,

199 2245 226 2307 S.
240 2243 266 2297 l.
282 2245 543 2313 rte-prohibeant]
560 2248 674 2312 lioper-
716 2244 910 2301 intoroessisse
929 2246 1054 2312 videtur,
1078 2243 1181 2312 quippo
1194 2246 1239 2312 qui

148 2314 251 2366 eluebat
272 2316 393 2368 obsidum
412 2317 502 2384 detio,
532 2332 587 2383 quie
610 2331 673 2370 sese
716 2319 799 2370 etiam
810 2316 967 2369 anteaillas
985 2317 1113 2381 regiones
1127 2316 1239 2379 petiisse

147 2385 355 2447 obstringebant
371 2386 508 2452 Sequani,
532 2402 567 2438 no
579 2386 680 2452 prohi.'
717 2388 866 2440 tradantur.
900 2385 943 2436 ci.
957 2387 1046 2436 adnot.
1060 2387 1095 2439 ed
1108 2398 1134 2435 o.
1146 2389 1174 2453 7,
1191 2383 1218 2435 i.

148 2457 244 2506 berem
257 2453 415 2521 Helvetios,
435 2456 571 2526 Helvetii,
589 2465 620 2509 ut
634 2458 674 2508 si·
767 2466 821 2505 non
835 2456 929 2518 longe]
958 2455 1120 2522 Nescimus,
1137 2467 1239 2517 quous-

148 2537 184 2577 ne
196 2523 329 2576 maleficio
343 2524 501 2575 transirent.
717 2537 769 2587 qne
781 2526 928 2576 Santonum
940 2523 1032 2591 illinc,
1048 2523 1111 2573 bino
1125 2524 1240 2576 Toloss-

157 2613 162 2625 ·
199 2592 318 2655 captio.
333 2591 359 2653 S.
369 2597 394 2644 1.
411 2592 596 2655 renuntietur]
614 2597 673 2648 lioo
715 2595 781 2644 tium
796 2593 865 2645 fines
881 2593 1068 2660 pertinuerint,
1147 2593 1240 2656 suspi-

148 2664 184 2716 od
193 2664 381 2728 exploratores
388 2665 487 2715 referri
494 2672 592 2730 potest,
604 2679 673 2730 quos
715 2663 774 2713 ceri
787 2663 1005 2714 licetCaesarem
1018 2661 1065 2713 nol
1094 2674 1141 2711 sse
1152 2662 1240 2714 inter-

106 2758 108 2765 ·
148 2731 297 2785 Gaesarem
311 2733 346 2784 ad
360 2733 476 2783 consilia
486 2734 673 2788 Helvetiorum
715 2731 785 2782 valli
796 2733 1006 2796 magnitudinem
1019 2733 1182 2796 ostendere,
1205 2744 1240 2782 no

148 2805 338 2868 cognoscenda
349 2802 460 2855 misisse
472 2802 611 2866 probabile
620 2811 673 2855 est.
715 2801 782 2852 nibil
802 2812 905 2852 causae
923 2802 1012 2852 inisse
1030 2801 1240 2868 intelligeretur,

148 2873 226 2934 Quod
244 2872 265 2923 ii
284 2872 462 2939 nuntiabant,
483 2872 526 2939 id,
548 2872 612 2936 qnia
625 2885 673 2924 eo·
715 2882 766 2921 our
784 2877 924 2933 tantopere
943 2870 1101 2934 provinciae
1123 2869 1240 2920 timeret

147 2944 210 2992 dem
223 2942 428 3006 revertebatur,
446 2943 516 2991 unde
527 2941 581 3004 ipsi
594 2951 674 2997 erant
717 2940 872 3003 deograpni
881 2939 989 3003 quidem
1001 2942 1083 3002 longe
1095 2951 1114 2990 a
1126 2939 1240 3001 provin-

148 3011 279 3076 proiecti,
296 3009 467 3061 recentiori
480 3011 587 3062 dicitur.
716 3009 761 3062 ola
772 3017 913 3060 removent
924 3011 1069 3061 Santonos.
1102 3006 1146 3058 oi.
1158 3010 1240 3061 tabu-

200 3081 360 3138 santonum]
386 3079 500 3142 cap.11
517 3083 674 3149 Santonos,
715 3081 745 3133 lo
759 3078 868 3130 Vkerti.

147 3157 177 3202 et
189 3155 223 3214 3,
241 3151 274 3200 11
293 3156 321 3198 et
332 3150 360 3214 7,
378 3147 413 3202 75
430 3150 567 3201 Santonis
580 3153 673 3203 dativo
768 3148 796 3207 S.
805 3152 831 3199 2.
855 3157 952 3211 magno
965 3159 1027 3196 oum
1040 3143 1178 3211 periculo]
1194 3141 1241 3196 Sic

147 3219 233 3282 dixit3
255 3226 286 3269 nt
300 3219 514 3287 Santonorum,
530 3233 584 3272 non
597 3223 674 3272 Sao·
716 3217 750 3282 5,
770 3221 820 3268 19:
837 3230 939 3283 mopoo
952 3228 1017 3266 oum
1034 3215 1168 3280 pericedo
1185 3226 1242 3263 no-

104 3292 105 3297 ’
146 3291 258 3350 tonum,
276 3287 318 3337 liic
332 3286 385 3337 dici
398 3289 524 3339 debuisse
537 3290 672 3341 videatur.
713 3290 847 3340 atrorum
860 3287 989 3353 equitum
1003 3284 1117 3336 comite
1137 3283 1241 3349 contii-

148 3359 203 3410 fled
223 3357 418 3418 metaplasmus
439 3364 483 3408 est
509 3357 609 3409 similis
635 3358 671 3425 ei,
714 3357 806 3426 gebat.

148 3438 201 3494 quo
214 3426 373 3479 teutonum
386 3427 414 3491 7,
430 3428 482 3496 77,
503 3435 532 3478 et
549 3427 673 3480 Teutoni
766 3425 834 3478 locis
843 3422 1011 3486 patentibus]
1028 3421 1108 3473 Loco
1121 3420 1241 3480 (nontu-

149 3499 184 3564 1,
201 3498 252 3562 ³³,
276 3497 419 3547 Teutonos
434 3497 467 3563 ²,
485 3491 518 3564 4,
536 3497 673 3551 Teutonis
715 3493 757 3556 oi)
786 3493 919 3559 potantia
945 3500 1009 3544 sunt
1034 3492 1120 3556 plana
1138 3498 1167 3541 et
1187 3503 1241 3545 non

149 3569 182 3635 1,
200 3563 237 3618 lo
256 3573 284 3617 et
303 3567 337 3631 2,
354 3566 389 3615 29
406 3565 505 3627 posuit.
545 3569 673 3630 syncope
714 3564 827 3619 munita.

149 3634 221 3687 enim
232 3635 263 3685 in
274 3635 424 3686 huiusmodi
437 3633 588 3687 nominibus
608 3648 674 3700 pro·
767 3632 794 3693 s.
806 3635 832 3682 a.
874 3630 915 3682 ob
934 3641 983 3680 eas
1004 3630 1120 3689 causas]
1146 3625 1242 3680 Causa

148 3703 217 3773 prlis
232 3712 259 3754 et
272 3704 344 3756 reris
355 3716 408 3755 non
422 3713 465 3755 est
477 3707 631 3775 statuenda,
646 3713 674 3756 et
715 3706 779 3754 eret
798 3713 870 3765 una,
895 3700 1047 3763 periculum
1067 3700 1240 3765 provinciae,

150 3776 294 3830 santones
311 3772 393 3824 etium
407 3776 442 3826 ab
457 3773 520 3826 eliis
532 3775 675 3827 nominan-
718 3774 768 3824 sed
781 3770 840 3822 eins
854 3780 957 3819 oeusee
970 3770 1043 3821 ratio
1056 3769 1167 3830 triplex.
1193 3769 1241 3820 sic

151 3854 211 3911 tur,
235 3856 302 3907 quos
316 3841 417 3894 indicat
430 3844 553 3895 Vkertus
571 3856 598 3906 p.
612 3847 675 3898 m.
719 3832 965 3903 respondentes
977 3837 1077 3890 Graeci
1092 3839 1195 3890 mount.

150 3915 239 3968 lirant
265 3920 356 3965 autem
379 3914 460 3976 longe
482 3913 518 3962 ab
539 3913 677 3965 llelvetiis
766 3911 798 3961 'L
812 3909 974 3968 Labienum]
997 3910 1028 3959 Τ.
1042 3907 1124 3959 Atius
1138 3905 1242 3958 bebio-

151 3982 258 4048 remoti,
275 3985 310 4035 ad
322 3981 488 4033 flamininum
499 3988 527 4031 ct
540 3984 575 4034 sd
588 3983 677 4035 Ocea-
718 3993 781 4047 nus,
799 3978 845 4040 qui
858 3979 1020 4029 adolescens
1033 3978 1084 4026 sub
1097 3979 1196 4029 eodem
1206 3977 1241 4027 P.

153 4069 216 4106 num
228 4054 412 4118 pertinentes,
430 4057 458 4099 et
471 4058 560 4102 temen
575 4051 677 4116 aliquid
718 4048 853 4115 Servilio,
876 4059 929 4112 quo
949 4044 1072 4114 caesar,
1102 4051 1243 4098 meruerat

153 4125 196 4177 eis
221 4118 430 4175 necessitudinis
455 4121 677 4174 consideretis
719 4118 814 4182 (testie
832 4125 878 4169 ert
896 4116 992 4170 cicero
1008 4115 1037 4170 in
1055 4124 1126 4170 orat.
1146 4128 1197 4180 pro
1209 4113 1241 4165 c.
