2572 4688
131 269 179 341 oo
399 261 473 333 nn
499 261 682 333 nunno
708 234 961 341 caturco

131 474 207 523 rom
229 454 376 533 mistae,
403 451 529 540 quilius
551 453 586 520 in
605 452 733 520 tubulis
752 449 948 522 nominatim
963 449 1052 517 ratio
1065 448 1221 523 corticata

132 548 227 621 oret,
253 542 313 631 qni
334 563 496 607 numerus
516 538 615 608 ‹iomo
635 543 762 608 exisset
778 562 912 621 corum,
939 539 1113 630 quicarmu
1128 538 1221 603 ferre

215 637 289 711 ent,
321 629 462 696 etitem
492 630 676 717 separatim
702 630 818 715 pueri,
854 648 953 694 sonos
975 626 1221 713 mulieresque.

87 728 110 790 2
167 740 284 787 aarum
296 715 443 785 omnium
457 737 572 783 rernm
587 738 717 784 summu
732 722 807 783 eret
820 715 969 805 cupitum
982 711 1222 783 Helvetiorum

187 852 267 977 'cap-
279 913 323 964 29.
346 906 375 973 8.
390 911 415 963 1.
449 908 568 971 exisset]
593 905 723 962 exurent
736 907 814 963 Leid-
827 911 862 962 A.

129 1082 159 1136 ii
170 1079 390 1150 significaturus,
412 1082 462 1131 sed
479 1078 518 1132 ite
535 1080 595 1132 iere
607 1080 652 1132 ‹li-
693 1084 735 1134 De
745 1081 789 1135 tris
799 1082 897 1135 strabo
909 1080 930 1132 i.
942 1078 961 1133 i
975 1094 1002 1147 p.
1011 1079 1046 1134 1⁴
1057 1082 1109 1133 τι..
1125 1079 1217 1146 loqui-

110 1144 225 1205 'cintus
243 1151 359 1216 inisset,
381 1157 413 1200 ut
432 1150 577 1201 Suetonius
597 1152 650 1202 ini.
694 1160 752 1205 tnr:
770 1145 839 1205 tiso·
854 1145 874 1217 ἤ
883 1144 965 1204 πόλις
974 1146 1069 1237 μικρᾷ
1078 1148 1131 1219 μὶν
1142 1145 1217 1218 apc'-

128 1221 181 1274 812
204 1220 303 1272 tabida
316 1232 406 1272 aenea
417 1243 454 1256 -
463 1219 584 1270 inventa
595 1223 651 1287 est,
692 1230 778 1289 τερον·
792 1219 850 1276 τοῖς
865 1214 1018 1290 βαρβάροις
1035 1221 1128 1272 estivo
1144 1237 1217 1273 παι-

127 1289 297 1355 conterinis
316 1288 651 1355 litteris-verbisque
693 1284 836 1356 δευτῆριον
866 1293 913 1345 stul
942 1284 1103 1358 φιλέλληνος
1130 1306 1216 1341 κατε-

128 1360 268 1425 osacen,
298 1357 354 1410 itcc
379 1358 534 1410 sententia.
580 1361 650 1411 Nam
693 1355 806 1412 casinus
821 1353 884 1414 sciit
903 1352 1047 1418 Potuisse,
1078 1349 1147 1409 ὥστε
1166 1360 1216 1408 sai

128 1430 199 1491 quod
212 1428 244 1494 5,
260 1423 297 1480 48
318 1427 438 1482 Graecis
454 1426 649 1493 couscriptum
691 1426 728 1480 sci
744 1423 899 1495 συμβόλαια
910 1419 1064 1493 Ἑλληνιστὶ
1085 1422 1215 1494 γράφειν.

126 1498 238 1550 litteris
250 1496 393 1558 epistulam
406 1495 487 1559 dicit,
503 1508 573 1560 quae
587 1511 648 1548 ser·
691 1497 751 1549 lam
762 1497 799 1565 iil,
817 1497 887 1561 quoi
899 1496 995 1546 strabo
1009 1496 1149 1559 paululum
1164 1507 1216 1544 su-

126 1578 206 1620 mone
225 1563 334 1617 Graeco
353 1566 458 1629 scripta
471 1573 562 1633 esset,
585 1566 649 1616 nul·
691 1580 745 1630 pra
765 1579 843 1617 snam
863 1572 981 1617 aetatem
1000 1564 1061 1615 fleri
1086 1572 1215 1627 coeptum

126 1638 183 1688 iam
203 1634 242 1686 ibi
260 1634 453 1689 dubitationem
469 1635 570 1686 ualere
585 1643 650 1697 pot-
691 1644 720 1687 et
737 1633 987 1689 massiliensibus
1004 1634 1157 1698 proiectum
1168 1633 1214 1684 ‹li-

127 1710 183 1757 est.
217 1701 319 1757 contra
336 1708 370 1770 ti,
393 1701 444 1770 14,
467 1714 520 1768 quo
533 1705 594 1754 loco
614 1705 649 1754 le
692 1705 748 1775 cit,
776 1718 833 1757 nou
857 1710 947 1766 potest
968 1700 1099 1754 caeseris
1119 1710 1214 1755 aetate

127 1772 275 1837 Druidibns
294 1774 381 1825 refert
395 1784 582 1836 magnumeos
595 1786 648 1824 nu·
691 1773 824 1826 communi
852 1771 968 1824 omnium
993 1786 1045 1823 usn
1069 1779 1214 1835 receptum

125 1842 648 1904 merumversuumdiscipnliseiliscen-
689 1844 789 1896 videri.
836 1842 931 1904 ltaque
951 1842 1001 1893 hoc
1021 1841 1215 1894 Helvetiorum

128 1913 191 1963 ilum
206 1913 312 1962 tradere
324 1925 410 1975 neque
422 1913 468 1962 iss
481 1922 543 1960 ese
552 1919 648 1974 pctore
690 1921 719 1964 et
735 1913 783 1964 iilo
801 1911 965 1963 Druidarum
984 1911 1107 1974 exemplo
1126 1912 1213 1962 ioce-

29 1978 32 1983 '
126 1991 164 2031 eo
175 1979 276 2031 litteris
288 1982 435 2045 mandare,
454 1991 518 2029 corn
530 1979 562 2030 in
574 1980 648 2031 reti·
689 1995 751 2034 mur·
768 1980 905 2046 propriam
916 1980 1014 2031 Gallos
1028 1980 1212 2031 litteraturam

127 2048 194 2117 quis
207 2049 273 2116 fere
286 2049 386 2113 rehtu,
409 2048 528 2113 publicis
543 2050 648 2114 prion-
690 2052 898 2116 monstruose,
918 2050 967 2099 sed
979 2049 1095 2106 Graecis
1107 2049 1211 2101 litteris

125 2119 225 2183 iisque
237 2117 411 2184 rationibus,
427 2117 546 2170 Graecis
559 2121 648 2169 statr-
690 2120 873 2172 inscribendo
888 2130 954 2170 usca
975 2132 1055 2187 esse,
1079 2121 1210 2182 quemad-

126 2190 181 2240 τιον
195 2186 323 2250 litteris,
349 2186 457 2236 litteras
478 2188 548 2237 nond
566 2187 648 2238 dubie
689 2191 795 2242 morium
817 2189 899 2241 etiam
919 2188 1018 2245 Latine
1037 2190 1126 2239 veroa
1141 2184 1221 2241 Dio-'

127 2267 160 2309 ut
188 2263 285 2306 nostro
313 2257 375 2306 lucc
406 2253 522 2319 intelligi
549 2255 646 2309 voluit.
688 2259 787 2323 nysius
801 2259 890 2310 ilalic.
904 2253 1044 2322 incipi,
1059 2260 1096 2309 26
1119 2257 1210 2309 inco·

126 2325 214 2387 onom
241 2337 392 2376 sermonem
411 2324 566 2390 significare
587 2334 647 2376 sta-
689 2330 782 2380 lurunc
794 2339 812 2379 a
825 2326 924 2380 servio
935 2340 1000 2391 rege
1014 2326 1105 2387 posits
1117 2342 1210 2409 χραμ-

127 2394 232 2461 tueris,
254 2406 289 2446 ea
310 2405 429 2463 quoqne,
456 2406 526 2459 quae
546 2394 646 2447 litteris
688 2393 786 2464 μάτων
796 2390 969 2465 χαρακτῆρας
979 2391 1147 2462 ‘Eunomus
1156 2397 1209 2446 lra-

125 2462 252 2516 mandari
267 2464 345 2515 neiss
356 2470 431 2531 erat,
447 2462 595 2526 discipulos
608 2464 646 2516 il·
688 2467 781 2518 tuisse
794 2468 887 2518 refert.
921 2464 1048 2516 ceterum
1066 2476 1116 2531 eo,
1137 2466 1209 2527 quoii

124 2533 170 2584 ica
177 2535 298 2584 statuere
306 2532 424 2597 debebis,
442 2532 467 2582 si
478 2534 524 2584 ias
536 2533 646 2604 inisset,
688 2538 838 2606 confectae
851 2533 956 2602 potins,
979 2547 1060 2597 quam
1075 2534 1209 2586 conscri-

125 2602 236 2655 iiroeco
249 2614 374 2653 ammone
385 2600 534 2667 scripturos
548 2604 645 2669 inisse.
686 2609 756 2673 piae
777 2606 877 2657 litteris
897 2605 1015 2655 Graecis
1037 2604 1147 2655 tabulae
1163 2605 1210 2655 ‹li-

124 2672 213 2725 Ercnt
232 2678 322 2723 summ
341 2683 441 2722 versus
461 2672 549 2735 patric
566 2674 646 2725 scili·
688 2685 803 2741 cuntur,
831 2673 1052 2738 omnicoetum,
1081 2672 1127 2735 qni
1145 2685 1208 2724 ser-

126 2748 174 2792 cet
194 2753 317 2793 sermone
336 2742 421 2804 facti,
448 2749 477 2792 et
502 2750 647 2807 propterea
688 2758 792 2798 monem
807 2742 1062 2805 sigtriiicetumesse
1074 2744 1208 2809 statuunt,

125 2810 228 2862 litteris
242 2812 517 2879 connuncupantur,
536 2824 587 2875 quo
602 2813 646 2864 al·
688 2826 743 2865 non
763 2812 935 2864 convellitur.
977 2812 1032 2862 llio
1052 2811 1208 2875 promiscue

125 2879 181 2931 tius
194 2880 338 2932 memoriae
348 2878 563 2941 imprimerentur
570 2882 598 2931 ei
610 2893 645 2931 no
687 2883 814 2944 usurpari
834 2882 902 2932 ond.
915 2881 1048 2944 exemplis
1060 2882 1096 2931 ad
1108 2885 1208 2943 Sueto-

125 2948 155 3000 in
175 2950 276 3014 uulgus
293 2957 458 3001 emanarent.
500 2949 559 3000 Iam
578 2963 644 3002 ver·
686 2953 823 3004 niivitanr
835 2952 940 3003 Lucani
956 2948 1063 3001 collatis
1078 2949 1180 3003 docuit.

125 3030 176 3067 sus
195 3017 224 3066 in
243 3019 364 3080 linguam
388 3016 558 3082 peregrinam
578 3031 644 3069 oon·
738 3021 831 3083 pueri]
862 3021 925 3070 scii.
945 3018 1089 3082 perscripti
1109 3026 1207 3084 erant3

125 3099 224 3138 versos
237 3087 360 3137 scribens
372 3098 425 3137 non
437 3090 585 3139 verendum
601 3095 644 3139 est
686 3093 758 3154 quod
771 3092 916 3140 secundum
928 3090 1119 3152 praecedentia
1138 3103 1207 3151 snp-

125 3157 286 3209 nemnltum
300 3156 434 3207 confidere
449 3157 558 3219 scriptis
578 3170 644 3219 pos·
686 3161 813 3223 plenium
838 3167 890 3208 est.
935 3159 1064 3209 Eiusdem
1088 3159 1208 3227 generis,

124 3225 163 3274 sii
190 3232 219 3275 et
248 3226 406 3276 memoriam
428 3225 489 3277 ideo
513 3227 644 3294 remittat,
686 3229 736 3279 seri
754 3231 836 3292 paulo
853 3227 957 3279 maiore
977 3226 1144 3290 negligentia
1155 3228 1207 3278 ci.
1276 3268 1281 3281 ,

124 3294 196 3359 quoti
223 3292 312 3358 ipsum
333 3306 434 3345 cavere
453 3296 571 3348 Druidas
591 3308 643 3348 vo·
686 3310 752 3350 cero
782 3296 977 3350 nominativum
1004 3296 1092 3358 posuit
1115 3298 1150 3346 de
1172 3309 1207 3348 re

124 3363 214 3414 luisse
243 3362 348 3414 Caesar
376 3364 503 3415 ostendit·
548 3369 644 3429 Neque
686 3368 750 3431 pub.
764 3372 796 3433 2,
813 3368 845 3420 ii:
866 3380 934 3418 narrt
953 3379 969 3418 e
989 3365 1122 3417 barbaris
1138 3367 1207 3432 qni-

125 3432 216 3485 uitera
233 3444 335 3498 cansa,
356 3445 391 3483 ne
402 3432 431 3484 in
445 3436 545 3497 vulgus
561 3435 644 3486 effer·
686 3439 751 3490 dem
767 3437 838 3500 ipsis
852 3436 925 3486 uuiti
937 3439 1026 3488 erunt
1038 3440 1127 3487 anteo
1141 3449 1206 3486 mu-

124 3504 201 3553 rctnr
220 3501 380 3567 disciplina,
404 3503 544 3568 tanseat,
566 3507 597 3553 ut
610 3506 644 3554 de
686 3507 791 3558 ritutni
800 3508 924 3571 praeter
933 3506 1078 3557 Etruscos
1090 3509 1121 3557 et
1131 3505 1207 3557 Poe·

125 3582 252 3622 sermone
274 3570 381 3622 oraeco
408 3572 525 3635 cogitari
547 3574 644 3636 possit.
685 3589 757 3643 nos,
773 3576 863 3629 citeri
875 3577 1025 3628 mercandi
1037 3588 1142 3639 cossa,
1158 3577 1207 3626 ia-

124 3641 315 3706 Vnigusenim
323 3640 463 3692 Gallorum
476 3641 537 3704 quis
548 3645 644 3697 crediti
686 3646 854 3697 trocioottdt'
870 3647 970 3697 alteri.
1001 3646 1090 3696 Etiam
1108 3646 1138 3694 in
1149 3645 1206 3694 fine

123 3711 249 3764 Graecae
276 3710 387 3773 linguae
417 3710 519 3773 peritos
542 3711 642 3781 inisse,
685 3714 745 3777 §.2
767 3718 856 3769 erant
874 3714 1039 3780 cogitatione
1054 3716 1208 3768 codonium

122 3785 164 3847 nt,
180 3780 206 3830 si
221 3777 320 3841 scripti
334 3788 427 3829 essent
439 3793 538 3831 versus
551 3782 643 3834 Grae·
684 3792 737 3839 est.

122 3860 168 3915 ce,
186 3848 221 3899 ab
235 3847 357 3900 omuibus
369 3850 495 3912 cognosci
508 3846 643 3912 possenti
737 3854 764 3915 s.
779 3855 806 3904 2.
839 3851 1087 3914 Quarumonrnium
1100 3853 1207 3911 rernm]

122 3918 191 3969 Post
198 3913 345 3969 caesarem
357 3919 480 3970 nonnulli
492 3919 642 3973 interlici-
686 3922 730 3976 ci.
744 3924 779 3975 ad
792 3937 816 3973 c.
827 3925 864 3975 27
882 3921 940 3983 §.4
963 3924 1093 3975 adnotata
1106 3931 1135 3970 et
1147 3924 1206 3972 llo-

121 3987 165 4038 los
179 3984 312 4037 Graecani
325 3986 444 4052 linguam
457 3990 563 4041 discere
576 4003 643 4041 cce·
685 3992 750 4046 tatii
769 3994 853 4042 serm.
875 3996 901 4044 1.
928 3995 962 4057 9,
985 3989 1018 4042 t:
1042 3991 1113 4058 auid
1131 3991 1207 4058 agis,

122 4063 220 4118 perant
232 4054 304 4117 iique
316 4056 459 4109 Massiliae
472 4058 642 4121 potissimum
685 4054 984 4114 dulcissimarum?
1018 4061 1072 4124 Qui
1089 4072 1141 4113 rec
1161 4068 1207 4110 ta-

122 4123 233 4180 mutati
248 4125 332 4179 ctiam
349 4128 457 4183 Graece
476 4128 642 4185 scriletaut.
685 4133 767 4186 omas
794 4131 1027 4199 interpretantur,
1059 4128 1083 4186 ii
1116 4141 1205 4195 nenne
