2572 4688
82 263 196 315 xxuu
366 318 369 323 ,
447 222 799 310 runuraulo.

80 433 152 497 lum
176 428 259 510 iret,
280 418 393 515 'neque
414 433 525 493 tomen
543 449 657 495 vocem
674 426 863 518 exprimere
884 425 1011 515 potuit.
1061 423 1172 496 Gum-

81 556 148 623 que
167 530 454 609 adversariorum,
483 531 518 597 in
537 532 657 621 primis
677 529 836 601 Curionis
852 529 915 595 lilii
935 537 972 597 et
989 532 1173 599 nonnullo-

82 659 156 703 rum
177 634 219 701 de
237 635 414 703 nobilitate
430 632 692 703 adolescentium
705 630 857 700 crebrior
871 638 963 700 essct
977 639 1012 699 et
1024 633 1173 704 liberior

81 741 117 827 in
141 737 373 818 Triumviros,
409 739 605 806 nominatim
628 739 664 806 in
684 735 903 825 Pompeium,
931 737 1028 802 cuius
1050 744 1172 804 aucto·

79 845 184 910 ritate
205 844 280 927 geri
303 842 413 907 omnia
432 848 610 929 putarent,
635 840 764 908 inimici
778 839 882 907 animi
895 838 1098 925 significatio
1117 845 1171 906 at·

7 999 8 1002 ,
80 932 147 1036 qne
168 946 243 1036 ipse
263 947 411 1035 populns
430 944 611 1015 Gaesarem
634 946 707 1012 sine
728 944 869 1033 plausu,
902 941 1064 1011 Caesaris
1085 962 1170 1010 vero

80 1051 207 1118 amicos
220 1048 333 1115 sibilis
348 1049 535 1137 exciperet,
555 1056 674 1115 eontra
688 1048 864 1115 universos
879 1044 1033 1114 divorsae
1047 1044 1171 1111 factio-

80 1159 136 1225 nis
158 1151 322 1233 inductus,
337 1158 391 1219 est
417 1142 466 1220 L:
474 1151 614 1219 Vettius
636 1148 764 1233 ludex,
789 1149 898 1231 idem,
925 1148 988 1237 qni
1007 1146 1170 1218 Caesaris

81 1244 202 1325 nomen
224 1259 258 1321 in
280 1257 382 1323 sociis
402 1255 570 1325 catilinae
594 1251 782 1335 detulerat,
813 1275 918 1343 seque
935 1250 978 1318 de
992 1249 1171 1319 inferenda

80 1356 245 1449 Pompeio
266 1381 345 1425 nece
369 1358 590 1425 sollicitatum
611 1357 787 1445 professus
808 1356 845 1423 in
867 1362 988 1423 senatu
1005 1354 1170 1423 Bibulum

80 1475 118 1531 ct
139 1462 321 1533 Curionem
351 1469 387 1527 ot
414 1465 594 1531 nonnullos
619 1460 869 1541 adolescentes,
896 1467 1034 1549 postero
1054 1465 1170 1526 autem

80 1567 137 1634 die
159 1590 179 1634 a
198 1565 344 1637 Caesare
367 1564 403 1630 in
418 1564 556 1635 Rostris
575 1565 781 1633 constitutus
795 1562 997 1644 Lucullum,
1023 1560 1064 1633 G.
1077 1562 1170 1629 Fan-

80 1671 193 1752 nium,
218 1669 268 1739 Le
277 1669 486 1751 Domitium,
514 1669 708 1740 Ciceronem
731 1668 871 1756 eiusque
889 1687 1047 1753 generum
1068 1663 1170 1734 Piso·

81 1797 175 1857 nem,
203 1774 283 1841 item
299 1773 348 1841 M.
363 1771 599 1856 Laterensem,
628 1775 687 1863 qni
701 1773 911 1840 tribunatum
926 1770 1038 1858 plebis
1052 1775 1170 1858 petere

81 1878 282 1957 destiterat,
311 1899 354 1942 ue
376 1878 411 1942 in
430 1880 523 1963 leges
547 1877 705 1944 Caesaris
727 1875 879 1963 agrarias
893 1875 1041 1952 iuraret,
1061 1870 1169 1938 nomi-

80 1980 186 2048 navit.
231 1976 301 2045 Sed
316 2000 434 2068 parum
449 1980 673 2066 probabiliter
685 2002 757 2047 rem
776 1977 969 2045 mandatam
989 1983 1168 2042 exsecutus

81 2091 117 2147 ot
136 2085 268 2146 tautum
290 2102 356 2150 non
376 2082 542 2149 mendacii
565 2084 757 2164 conuictus,
784 2083 983 2173 priusquam
1003 2076 1168 2147 iudicium

81 2185 124 2251 de
139 2205 179 2249 eo
191 2182 306 2265 fieret,
333 2186 518 2252 incarcere
538 2186 642 2269 obiit,
668 2186 878 2268 voluntaria,
898 2192 939 2253 ut
952 2184 1170 2272 vulgabatur,

81 2295 212 2365 morte,
243 2293 284 2353 ut
302 2290 486 2353 communie
509 2289 642 2358 lerebat
662 2289 791 2378 opinio,
822 2291 1022 2357 interiectus
1044 2288 1087 2353 ab
1106 2288 1168 2354 iis-

82 2392 219 2484 dem,xa
236 2389 360 2478 q'uibue
375 2391 580 2465 subornatus
596 2391 639 2461 ad
652 2393 813 2467 indicium
828 2395 957 2476 fuerat3
977 2395 1067 2460 inter
1080 2413 1168 2480 quos

80 2495 259 2562 Vatinium
285 2494 470 2584 prinoipem
495 2498 620 2568 actoris
642 2498 755 2571 locum
776 2497 947 2578 tenuisse,
973 2495 1168 2578 Caesarem,

81 2600 114 2667 si
129 2600 237 2666 minus
253 2601 443 2673 consultum
460 2597 502 2666 dc
516 2599 689 2686 omnibus,
710 2607 803 2671 certe
816 2601 903 2669 nihil
916 2602 1061 2668 celatum
1082 2599 1168 2667 luis·

81 2726 120 2774 se
135 2725 214 2773 vero
229 2703 416 2800 proximum
430 2702 575 2775 videtur.

183 2807 383 2898 luitioanni
400 2810 591 2896 sequentiq,
610 2807 654 2885 L.
669 2804 855 2898 Calpurnio
868 2806 1013 2887 Pisone,
1032 2806 1081 2879 A.
1098 2805 1167 2873 Ga,

80 2912 174 2984 binio
192 2912 407 2994 oonsulibus,
434 2934 510 2985 oum
525 2910 564 2982 G.
578 2913 757 2983 Memmius
773 2920 808 2979 et
821 2910 864 2984 L.
880 2910 1055 2979 Domitius
1069 2933 1169 2999 prae-

81 3026 175 3089 tores
190 3014 405 3086 decesseris
420 3017 505 3097 actis
520 3018 688 3087 referrent
703 3038 863 3106 eumque,
890 3013 980 3104 quod
1004 3013 1170 3081 adversus

82 3120 235 3215 auspicia
250 3126 286 3186 et
299 3120 393 3206 leges
409 3121 620 3189 consulatum
634 3121 817 3209 gessisset,
838 3120 882 3190 ad
894 3118 1167 3207 disquisitionem

81 3230 221 3297 senatus
253 3231 431 3307 vocarent,
466 3223 594 3294 Caesar
625 3226 849 3313 cognitionem
878 3223 1013 3291 senatui
1032 3221 1170 3304 detulit,

81 3351 143 3399 nec
163 3322 231 3397 ¹illo
257 3326 460 3415 suscipiente
488 3327 669 3417 triduoque
694 3352 756 3419 per
781 3327 899 3395 irritas
930 3324 1168 3395 altereationes

81 3433 262 3521 absumpto
280 3430 316 3497 in
335 3433 539 3521 provinciam
555 3434 711 3505 abiturus
724 3433 840 3500 urhem
856 3432 1008 3519 reliquit.
1050 3430 1169 3518 Atque

80 3544 196 3603 earum
216 3555 347 3635 rerum,
367 3537 491 3623 quibus
506 3561 568 3605 sua
584 3544 661 3610 acta
672 3538 708 3605 in
723 3544 845 3623 penatn
860 3533 1076 3615 defenderat,
1101 3556 1170 3616 me-

81 3639 223 3711 moriam
252 3638 377 3731 tribus,-
393 3641 429 3711 in
455 3643 647 3713 Domitium
676 3650 712 3708 et
736 3640 932 3711 Memmium
956 3640 1169 3709 orationibus

81 3740 253 3837 prodidit,
280 3764 367 3832 quae
387 3752 533 3819 aetatem
554 3770 620 3816 non
638 3748 806 3827 tulerunt,
831 3745 1004 3833 inquibus
1018 3745 1170 3812 nomina-

83 3849 147 3917 tim
175 3846 329 3943 agrariae
356 3851 446 3939 logis
473 3874 608 3921 causam
639 3849 835 3943 permisisse
861 3848 998 3942 senatui
1021 3848 1168 3918 videtur.

21 3975 24 3979 ·
83 3950 231 4024 Vixdum
254 3972 393 4037 egresso
411 3976 453 4021 ex
473 3955 557 4022 urbe
578 3955 777 4045 proconsule
800 3958 961 4038 quaestor
984 3952 1076 4031 eius,
1109 3952 1170 4040 qui

85 4057 215 4159 consuli
233 4057 421 4151 attributus
444 4057 573 4151 iuerat,
602 4061 638 4131 in
651 4053 896 4150 praeiudicium
912 4058 1043 4144 aliquot
1056 4056 1171 4129 crimi-
