2572 4688
155 278 229 351 '11⁰
417 272 492 347 uit
519 270 704 347 tatto
732 270 987 350 astuto

115 486 271 627 titt
288 460 472 639 Ἧι·
490 466 835 625 ⁰”iittttttt¹¹⁰
849 464 1245 624 ”dlllffi¹³‘³1s'li

157 664 221 713 σοι
237 575 376 733 prddire
396 643 466 710 inte
493 644 581 726 exit,
600 642 739 710 circiter
752 640 926 711 meridiam
937 576 1178 710 exmoitumquin
1191 666 1247 711 ea-

33 762 36 767 ·
114 736 235 803 istra
254 726 404 799 reduxit.
450 730 542 798 'l'am
563 730 697 797 demum
718 731 919 799 Ariovistus
941 737 1075 821 partein
1102 752 1245 811 suarum

155 820 443 909 copiarumque
458 826 572 885 castra
588 820 716 886 minora
730 826 950 908 oppugnaret,
970 819 1076 889 misit.
1139 818 1246 887 Acri·

154 915 213 977 ter
233 906 531 995 utrimquesecus
554 904 598 972 ad
620 926 795 995 vesperum
817 915 1003 1012 pugnatum
1029 912 1098 975 est.
1149 905 1244 974 Solis

255 1072 259 1081 Ι
277 1015 385 1099 ’suaa
395 994 510 1085 copias
519 992 718 1101 Ariovistus
731 995 849 1062 multas
863 1003 899 1062 at
909 994 1031 1100 inlatis
1039 1001 1075 1060 et
1091 995 1244 1082 acceptis

113 1080 1245 1259 ⁴'ti'titt&titt‘tt‘itnttttttttttititt:

156 1265 268 1341 tarct,
296 1257 380 1324 hauc
400 1255 591 1345 reperiebat
607 1278 761 1340 oausam,
782 1255 873 1344 quod
888 1255 980 1345 apud
998 1255 1189 1325 Germanos
1203 1278 1243 1323 ea

155 1343 364 1415 cousuetudo
386 1351 496 1426 esset,
523 1350 564 1409 ut
584 1356 711 1412 matres
729 1345 878 1412 familiae
895 1366 1012 1411 eorum
1034 1343 1190 1413 sortibus
1208 1351 1243 1411 et

154 1430 451 1503 catenationibus
474 1431 707 1515 declararent,
737 1440 852 1500 ιιιιιιιιι
879 1432 1045 1523 proelium
1073 1430 1243 1500 committi

158 1646 162 1654 ·
221 1624 372 1680 maioribus
395 1622 511 1686 eastris]
538 1622 649 1676 castris
666 1635 719 1675 om.
736 1625 790 1679 dno
807 1629 919 1679 veteres
936 1626 1013 1679 codd.
1030 1624 1145 1692 Vrsini,
1168 1628 1240 1678 ilar.

185 1696 222 1749 A·
239 1696 321 1747 vind.
337 1697 371 1745 A.
388 1696 431 1744 ed.
446 1696 520 1746 Soai.
537 1695 640 1745 Graec.
658 1694 728 1745 Dav.
745 1694 788 1745 Gi.
809 1696 877 1747 Oui.
895 1698 954 1747 sine
971 1696 1069 1748 idonea
1086 1709 1186 1748 causa.

220 1765 357 1824 hostibus]
381 1764 460 1815 lianc
477 1765 512 1814 ab
529 1764 598 1814 oud.
615 1775 650 1812 ex
667 1765 759 1812 decem
776 1766 867 1826 tiss.5
893 1765 922 1815 in
940 1765 1048 1817 Fabrio.
1066 1779 1110 1816 cx.
1126 1768 1240 1829 eBong.

156 1866 160 1871 -
185 1830 328 1886 aa.-rst.
352 1832 410 1884 Pal.
434 1834 507 1885 Lov.
530 1832 604 1883 Gott.
628 1833 706 1895 Egm.
727 1832 777 1882 tt.
802 1835 955 1900 enotatam,
985 1846 1070 1886 ame
1089 1836 1119 1886 in
1136 1836 1238 1886 linit.

184 1902 267 1955 Vrat
285 1900 365 1952 ABG.
382 1903 461 1952 (loth.
478 1903 509 1952 lt.
527 1902 579 1952 tiu
596 1902 693 1952 flamia
709 1901 794 1952 ilonn.
811 1903 894 1952 vind.
913 1902 944 1951 li.
962 1910 990 1953 et
1006 1904 1067 1953 edd.
1084 1906 1150 1956 ante
1166 1904 1239 1955 Ven.

185 1973 208 2025 t.
226 1972 365 2022 inventam
381 1971 528 2023 lectionem
543 1971 675 2033 vulgatae
690 1970 754 2020 inde
771 1983 789 2020 a
805 1972 875 2021 ven.
892 1971 914 2021 i.
939 1971 1122 2047 icatitptque
1138 1973 1239 2036 parum

185 2041 310 2094 codicum
335 2050 435 2104 carisa,
463 2039 563 2102 partim
579 2041 610 2090 ut
626 2049 675 2101 per
692 2051 724 2088 se
742 2038 963 2092 verisimiliorem
982 2042 1111 2103 praemii.
1144 2038 1190 2094 ct.
1203 2030 1237 2109 5',

185 2110 237 2164 trs
272 2108 392 2162 nuntios
418 2108 512 2160 mittit
535 2109 575 2158 ad
596 2106 737 2173 finitimas
760 2109 895 2161 civitatee
919 2111 1087 2176 suadesque
1108 2110 1238 2176 audique

183 2180 307 2237 eoccott
329 2178 374 2228 tis
390 2181 505 2230 certum
522 2177 599 2229 diem
614 2178 804 2229 consentanca
816 2178 898 2230 uicit.
932 2181 965 2246 6,
982 2175 1017 2230 5:
1032 2180 1238 2245 mpeutnenta

182 2248 224 2302 ud
246 2246 403 2301 Labienum
424 2248 457 2299 ia
479 2247 618 2299 Treviros
634 2246 729 2297 mittit
744 2250 872 2314 duasque
887 2248 1013 2314 lepiottes
1026 2248 1067 2301 ad
1082 2262 1149 2301 eum
1162 2261 1237 2314 pro-

181 2316 274 2385 iiclsci
287 2317 365 2368 iubet
373 2330 384 2375 ,·
405 2317 468 2382 ipse
483 2329 549 2368 cum
564 2314 721 2381 tectonicas
737 2318 881 2382 empeditts
898 2317 1024 2383 quisqam
1039 2318 1072 2369 ln
1083 2317 1237 2383 Menapios

180 2384 391 2453 motet-scitur.
425 2388 493 2451 eti,
508 2389 541 2438 ta
559 2384 625 2446 81.
654 2384 754 2450 Gir.2,
772 2384 806 2438 14
825 2385 851 2446 8.
869 2387 894 2435 i.
918 2388 954 2438 18
971 2386 998 2446 8.
1011 2390 1038 2438 2.
1058 2391 1094 2456 3,
1112 2386 1149 2438 24
1164 2387 1192 2448 8.
1207 2393 1235 2440 a.

180 2455 217 2511 75
235 2456 261 2517 8.
276 2456 309 2516 53
332 2455 428 2521 quihus
444 2455 568 2507 omnibus
583 2452 656 2504 iocis
671 2452 725 2506 trio
740 2457 774 2505 de
792 2457 886 2505 eodem
903 2454 1025 2506 subiecto
1041 2457 1184 2509 enuntiate
1194 2456 1235 2510 ita

182 2525 313 2588 deinceps
330 2526 420 2589 posita
438 2533 516 2590 sunt,
539 2525 571 2574 ut
586 2524 674 2585 primo
690 2526 720 2576 et
736 2525 856 2575 secundo
873 2536 926 2589 per
944 2524 1102 2579 encliticam
1118 2527 1234 2591 copma-

180 2595 218 2649 tis
234 2597 343 2646 tertium
360 2593 420 2644 sine
436 2595 533 2657 copula
551 2595 675 2645 addmur.

216 2665 244 2726 8.
257 2670 283 2717 t.
317 2663 462 2728 utrimque]
487 2664 570 2727 Bong.
586 2665 622 2714 A.
639 2660 721 2712 Vind.
737 2658 772 2710 Δ.
787 2671 843 2713 uon
859 2684 895 2699 -
905 2658 1002 2730 inque.

214 2733 324 2791 inistis]
353 2731 434 2783 iidem
451 2740 480 2782 et
496 2735 580 2785 vrat.
596 2732 630 2782 A.
647 2730 705 2790 (tio
722 2729 754 2781 io
770 2731 806 2792 l.)
828 2743 883 2784 uon
900 2730 943 2783 itt.
972 2730 1006 2783 lu
1022 2725 1133 2784 Feltria.
1149 2743 1196 2783 ex.
1213 2744 1235 2784 ιι

181 2816 266 2870 super
282 2805 295 2853 t
310 2800 369 2851 sine
387 2801 492 2853 codicis
506 2809 572 2855 note
589 2798 692 2864 scripta
706 2800 761 2852 est.
1154 2831 1156 2837 ‹

201 2973 229 3036 8.
242 2979 270 3028 t.
292 2971 418 3033 Acriter]
434 2967 475 3023 ita
488 2978 518 3023 ut
528 2981 582 3024 non
595 2971 666 3024 mul-
708 2984 762 3025 nus
779 2968 891 3037 proprie
905 2972 1046 3036 appellata
1055 2971 1137 3023 docet
1148 2969 1232 3024 (iice-

146 3054 204 3097 tunt
224 3046 350 3109 abesset,
375 3040 441 3105 quia
453 3039 559 3091 minora
574 3045 667 3094 castra
708 3055 741 3094 ro
760 3043 867 3093 dedic.
886 3047 921 3109 2,
945 3045 998 3095 33:
1021 3040 1161 3106 Auspicia
1179 3053 1232 3094 re·

143 3114 384 3177 expugnarentur:
408 3104 498 3178 diiyoo
510 3112 559 3161 cei
570 3105 604 3161 cd
615 3127 667 3175 χιι-
707 3111 792 3163 stant
803 3113 833 3163 et
844 3113 942 3163 sortes
954 3123 1017 3179 ece,
1034 3122 1108 3176 quae
1116 3112 1232 3163 ducun-

142 3176 261 3251 (cinopo
276 3174 367 3233 αὖτῶν
377 3171 446 3236 siis,
471 3185 501 3230 ui
518 3179 601 3230 tradit
613 3179 665 3231 Dio
707 3183 769 3245 tur,
787 3193 846 3231 nott
857 3181 936 3248 illae,
952 3194 1027 3247 quae
1037 3179 1231 3232 uaticinatio-

144 3250 223 3303 cass.
239 3251 275 3303 ³8
288 3258 358 3302 extr.
705 3263 743 3302 ae
757 3250 940 3319 funduntur,
958 3262 1031 3317 cuae
1043 3252 1165 3302 croatia
1178 3264 1231 3303 cc·

195 3319 223 3380 8;
240 3319 267 3371 4.
303 3315 422 3368 sortibus
441 3323 470 3366 et
488 3313 665 3368 vaticinatio·
707 3319 772 3371 rius
793 3319 925 3370 dietmare.
959 3323 1049 3382 Atque
1070 3320 1121 3368 hoc
1138 3332 1230 3385 genus

142 3388 236 3447 nibus]
261 3389 369 3449 Duplex
383 3384 560 3436 divinationis
576 3399 664 3450 genus
707 3388 884 3439 divinationis
897 3389 1037 3453 naturale,
1055 3385 1139 3455 illud,
1156 3390 1229 3451 qood

142 3458 327 3522 significatur,
345 3468 444 3522 unum,
460 3455 530 3518 quod
542 3466 568 3504 c.
582 3453 617 3505 ta
635 3453 664 3513 S·
706 3457 826 3510 sortibus
834 3457 924 3520 tabat,
939 3455 1114 3526 artificiosum
1127 3458 1191 3522 fuit,
1199 3466 1228 3509 et

141 3526 163 3582 7
177 3527 277 3578 iterum
288 3525 434 3576 adhibitum
444 3523 584 3590 videmus,
601 3535 665 3574 sor·
707 3533 849 3589 utrumqne
863 3525 969 3577 Cacsar
987 3523 1109 3576 breviter
1121 3532 1150 3575 et
1161 3539 1229 3585 per-

141 3594 226 3663 tibus,
243 3606 312 3660 quae
325 3593 432 3656 proprie
444 3591 579 3656 dicuntur,
596 3604 664 3642 oon·
706 3595 799 3659 spicue
813 3595 856 3645 his
868 3594 961 3644 verbis
974 3596 1141 3646 demonstrat
1153 3593 1228 3645 Get·-

141 3672 230 3733 mane,
247 3674 361 3728 quarum
373 3663 504 3712 rationem
518 3660 664 3712 Germanis
706 3663 793 3715 mauis
819 3662 975 3714 mulieribus
1000 3663 1031 3715 lu
1050 3675 1104 3714 usu
1124 3658 1231 3716 inisse..

141 3735 271 3787 usitatam
286 3730 415 3782 describit
433 3730 544 3782 'lacitns
565 3730 661 3781 Germ.
706 3734 759 3785 sed
775 3733 936 3784 Plutarchus
951 3731 1033 3783 caes.
1047 3733 1082 3782 ta
1098 3744 1149 3795 pro
1161 3744 1227 3784 sor-

142 3803 194 3869 10,
224 3805 342 3855 alterum
361 3813 409 3852 ore
427 3799 542 3850 missum
561 3800 660 3849 mulie-
703 3802 775 3853 tibus
796 3803 870 3852 aliud
889 3801 954 3851 item
972 3800 1152 3852 artificiosum
1173 3814 1226 3866 ge-

141 3884 211 3939 rum,
229 3885 309 3937 quem
323 3884 417 3921 sexum
429 3866 559 3921 Germani
571 3867 661 3932 iuprl·
702 3885 755 3924 nus
780 3871 821 3920 cis
848 3869 958 3935 tribuit,
983 3863 1019 3920 τιὲ
1041 3864 1226 3935 μαντεύματι

141 3941 194 3992 ruis
208 3941 295 3991 divini
308 3941 371 4003 quid
385 3947 413 3989 et
424 3939 560 3989 numinum
571 3937 659 4000 iuspi-
701 3932 758 3991 τῶν
776 3931 857 4007 ἱερῶν
871 3933 1007 4004 γυναικῶν
1022 3938 1175 3991 Germanos
1188 3941 1225 3990 ad

141 4010 273 4067 mutuam
286 4011 386 4060 habero
402 4008 565 4058 statuebant.
598 4007 660 4058 lloo
701 4019 821 4073 pugnam
844 4008 1002 4058 retardasse
1028 4009 1156 4075 tradens,
1192 4005 1228 4058 ai

141 4080 261 4133 oraculis
287 4080 454 4130 tinctorum
480 4076 570 4127 simile
586 4085 659 4142 erat,
701 4069 836 4141 ποταμοῖν
850 4069 1224 4143 δὶιαιιπροιβλὲπουσαιιιαὶ

142 4162 214 4216 quae
231 4157 260 4201 et
276 4149 337 4214 ipsa
347 4146 474 4200 cocitum
485 4144 592 4199 nomine
604 4145 658 4197 mi-
700 4140 845 4215 ριυμάτιιι
856 4139 978 4213 ἑλιγμοῖς
994 4147 1041 4198 και
1059 4138 1164 4211 ψόφοις
1176 4160 1224 4196 cr·
