2572 4688
135 254 205 324 ιιι
242 274 252 297 ι·
394 247 468 320 ue
494 197 681 317 nunno
705 202 955 322 cantico
1006 233 1047 269 ¹
1096 317 1099 323 .

93 445 115 506 2
136 439 266 509 Milites
285 460 351 506 non
368 435 520 524 longiore
539 438 691 506 oratione
710 438 924 524 cohortatus,
949 459 1050 529 quam
1065 438 1120 508 uti
1134 462 1222 509 suae

134 527 298 618 pristinae
319 526 458 593 virtutis
480 528 673 593 memoriam
692 528 878 594 retinerent
897 549 962 594 neu
975 528 1221 617 perturbaren-

132 625 192 682 tur
205 616 314 680 animo
326 614 538 702 hostiumque
552 614 713 702 impetum
729 615 865 682 fortiter
878 617 1104 699 sustinerent,
1125 618 1221 706 quod

133 722 201 769 uon
218 703 352 787 longius
371 702 485 768 hostes
507 701 665 783 aberant,
692 725 793 791 quam
812 725 880 790 quo
899 704 1005 770 telum
1020 702 1123 770 adiici
1137 727 1220 794 pos-

92 793 112 855 8
135 794 207 871 set,
234 789 356 879 proelii
369 788 599 855 committendi
613 791 745 874 siguum
758 788 865 859 dedit.
934 790 1052 878 Atque
1071 792 1108 857 iu
1129 794 1219 859 alte-

89 961 112 1026 ι
133 877 452 1033 {iiiiiiimiiim
461 876 1218 1051 illidiitigillillillliiil

115 1056 270 1144 ‘paratus
284 1011 330 1153 iad
345 987 570 1119 dimioindum
585 1051 734 1134 animus,
761 1061 802 1119 ut
815 1074 881 1120 uon
893 1052 992 1121 modo
1008 1052 1053 1120 ad
1064 989 1216 1143 infulgente

160 1287 254 1329 omnes
287 1274 371 1340 Bong.
384 1274 437 1326 Bc.
449 1274 528 1327 Vrat.
540 1275 570 1324 Β.
586 1273 665 1326 doto.
678 1276 719 1339 A.
727 1273 823 1327 ilani.
837 1274 921 1327 uonn-
932 1272 1015 1328 Vlnd.
1029 1277 1133 1330 Alicll.
1141 1280 1214 1333 ven.

160 1346 183 1397 l'.
196 1307 287 1406 steni.
300 1344 350 1396 Gr.
364 1345 389 1393 b.
413 1342 531 1396 decurii
543 1344 591 1394 Dr.
604 1344 634 1393 Β.
657 1344 690 1394 ln
702 1344 749 1394 Dr.
764 1344 797 1393 Α.
811 1344 985 1397 deeeocarrit
997 1347 1129 1399 correctis
1143 1349 1212 1402 dua-

140 1476 143 1483 ·
160 1415 214 1467 bos
226 1412 361 1478 prieneus
375 1412 491 1476 syllable
503 1413 613 1477 legitor.
648 1410 691 1463 cl.
706 1414 795 1465 adnot.
808 1413 871 1483 crit.
884 1415 920 1466 ad
933 1425 959 1463 o.
971 1415 1005 1465 ta
1021 1414 1048 1476 s.
1061 1418 1088 1465 (i.

181 1479 224 1543 ’8.
246 1486 272 1536 2.
308 1483 475 1541 cohortatus]
500 1481 639 1534 hortatae
656 1481 738 1533 vind.
756 1481 790 1532 ll.
817 1481 1170 1537 commutescerent.
1185 1486 1211 1535 o.

161 1550 334 1606 oeoorsocee
346 1554 392 1604 est
405 1550 485 1602 vind.
500 1551 522 1603 l.
545 1552 591 1603 eat
606 1550 777 1603 cohortatus
789 1550 873 1603 Voss.
887 1553 923 1602 A.
938 1548 1017 1604 eoin.
1030 1554 1066 1604 A·
1079 1553 1162 1606 vind.
1176 1557 1211 1607 A.

160 1620 234 1676 ilar.
255 1623 290 1671 A.
303 1621 374 1672 ven.
393 1619 414 1670 t.
432 1629 460 1670 et
478 1620 601 1684 reliquae
623 1628 768 1684 sequentes
786 1634 872 1686 usque
885 1621 922 1671 sd
935 1618 1020 1686 oud,
1036 1621 1083 1686 qul
1095 1621 1124 1673 ia
1137 1624 1210 1674 edi

160 1690 307 1742 noandum
326 1690 395 1753 Reg.
413 1689 448 1738 li.
468 1696 497 1740 et
514 1702 579 1742 suos
592 1688 819 1756 quattuordecim,
841 1690 871 1740 in
886 1687 985 1753 qulbus
997 1703 1042 1741 ex.
1054 1690 1139 1742 Febr.
1151 1693 1211 1743 Pet.

160 1758 222 1810 l’sl
235 1759 318 1824 Bong.
328 1758 407 1810 Aac.
421 1757 494 1808 Goto.
507 1750 585 1822 ilgm.
599 1760 668 1810 liov-
682 1759 740 1810 ort·
751 1759 840 1809 tolsse
854 1760 950 1824 docet,
975 1767 1004 1810 et
1017 1761 1059 1810 ed.
1073 1759 1127 1810 lue.
1141 1762 1210 1813 rell-

160 1839 282 1893 qnasqoe
296 1839 359 1879 ante
374 1827 446 1878 ven.
458 1828 480 1877 l.
495 1831 540 1880 est
554 1829 647 1879 omisit
665 1829 797 1891 simulque
808 1829 854 1893 et,
870 1828 941 1890 quod
954 1831 1014 1891 post
1026 1829 1211 1883 sustinerent

158 1897 188 1948 iu
207 1897 329 1947 omuibus
349 1898 408 1949 edo.
427 1907 541 1958 excepta
554 1898 605 1948 inc.
620 1906 647 1948 et
662 1899 733 1948 Ven.
746 1898 767 1948 i.
777 1897 936 1961 legebatur,
952 1908 1016 1948 oum
1028 1897 1057 1948 in
1069 1900 1147 1952 nullo
1161 1913 1210 1952 co-

158 1965 219 2015 dice
241 1964 410 2028 invenisset,
434 1965 532 2026 eiecit,
555 1968 604 2016 sed
620 1967 647 2017 ln
659 1967 701 2017 ed.
716 1968 733 2016 2
749 1968 794 2019 eat
806 1965 1040 2031 recommisit,
1061 1969 1093 2019 et
1110 1970 1210 2020 obesse

110 2041 113 2046 ·
158 2044 259 2097 pessus
281 2036 333 2085 est.
366 2034 401 2084 Et
421 2036 470 2083 loe
488 2034 593 2099 quidem
612 2035 681 2085 laud
697 2035 775 2087 dubie
789 2043 881 2098 recte3
903 2046 1064 2099 quamquam
1078 2036 1159 2100 (loom
1171 2042 1209 2092 A.

157 2101 240 2153 Vind.
254 2102 308 2152 cli.
325 2104 356 2154 et
369 2102 477 2152 labent.
510 2103 550 2152 llo
564 2115 630 2153 vero
644 2106 748 2154 remoto
760 2107 804 2156 eet
819 2103 906 2156 teneri
918 2103 1028 2172 nequit,
1045 2104 1100 2157 nisi
1111 2108 1209 2159 durum

156 2172 312 2235 asyndeton
327 2180 355 2221 ee
368 2171 446 2221 cuins
460 2169 557 2221 idonee
570 2172 639 2222 ratio
652 2173 729 2223 nulle
739 2172 815 2227 reddi
827 2172 930 2241 omui,
948 2176 1085 2228 oonnode
1099 2177 1210 2229 vinctu

156 2239 276 2293 motioni
288 2240 494 2305 praeterendum
507 2242 643 2304 pommus.
716 2240 719 2245 '

121 2445 251 2513 eandem,
275 2453 354 2507 qnam
372 2441 402 2493 ln
418 2441 539 2504 proximo
554 2441 643 2495 deeu-
686 2436 723 2493 eoi
736 2438 835 2509 σημεῖα
849 2436 948 2508 στῆσαι
962 2443 1069 2511 noenu,
1092 2459 1145 2499 nec
1159 2460 1208 2500 sa·

121 2515 239 2579 currit,
252 2513 317 2579 ,vim
337 2511 503 2574 niteamus,
530 2524 643 2575 quere-
686 2511 723 2561 tis
740 2519 868 2563 accurate
888 2511 1038 2565 Petrarcla
1057 2515 1131 2567 illst.
1152 2517 1206 2568 lul.

122 2583 196 2635 tione
209 2583 290 2639 etiarn
302 2581 407 2632 liirtius
421 2582 454 2649 8,
473 2583 508 2634 18
525 2583 642 2633 tormo-
669 2632 673 2637 ,
686 2579 767 2632 caes.
779 2578 806 2647 ⁷,
823 2576 856 2630 t:
874 2582 935 2632 tam
948 2582 1021 2634 ninii
1033 2584 1124 2650 spatii
1134 2586 1206 2654 feeit,

121 2652 176 2705 tior
200 2651 232 2704 in
256 2663 321 2704 eom
346 2653 439 2703 locam
461 2651 642 2703 devenerant
684 2650 719 2700 ut
737 2662 774 2702 ne
792 2649 886 2700 dicam
901 2655 1055 2706 concoctae
1068 2656 1206 2707 solemni-

120 2716 225 2772 dlilsse
252 2721 368 2771 videtur.
417 2720 543 2773 ceterum
570 2721 642 2784 quod
684 2720 761 2771 totae
778 2719 959 2782 proeliorum
982 2723 1205 2790 omitterentur,

119 2798 209 2842 motus
222 2792 255 2841 de
268 2788 401 2852 superiori
414 2789 473 2840 loco
484 2788 601 2840 celerior
613 2797 641 2839 et
682 2788 734 2840 aed
745 2785 799 2838 oio
815 2790 913 2853 soleae
927 2790 1066 2844 induendi
1083 2792 1204 2845 lieentia

120 2858 303 2911 vehementior
323 2871 388 2908 esee
406 2860 492 2926 solet,
518 2859 639 2922 quanin
681 2859 855 2922 superesset.
876 2858 1204 2927 Aeiootediversaiuis-

118 2930 213 2995 plano,
229 2936 257 2978 et
266 2925 423 2979 necessario
434 2940 451 2978 a
463 2934 561 2979 nature
573 2939 639 2978 oon·
682 2939 714 2975 se
726 2925 851 2992 inaiqnio
863 2928 945 2980 etiam
961 2943 997 2980 ex
1007 2933 1043 2996 7,
1060 2927 1103 2982 te
1112 2943 1203 2994 aona

119 2999 243 3051 stitutum
267 2998 348 3048 tinem
372 2997 470 3063 habet,
500 2996 639 3048 devenire
681 3002 739 3046 ret:
780 2995 864 3047 tectis
892 2996 1051 3066 ineiqniduo
1078 3013 1203 3052 auorum

119 3066 211 3131 aliquo
225 3065 307 3116 etiem
327 3065 352 3114 is
372 3064 486 3132 dieitur,
512 3065 557 3129 qui
571 3076 638 3129 quo-
680 3064 887 3131 oecuitotisqoe
905 3067 996 3134 aionis
1015 3068 1200 3122 militaribus.

116 3135 637 3268 lillis.titillantia:
678 3134 1202 3274 idtllllllielidiata:

116 3272 188 3326 sarie
204 3274 265 3323 Alr.
280 3276 330 3332 26)
355 3280 384 3322 et
404 3272 567 3324 constiturus
584 3285 635 3322 ve·
680 3273 713 3334 1,
732 3274 763 3335 1,
781 3274 833 3324 37:
855 3273 917 3325 Pro
935 3279 1018 3342 coiea
1038 3276 1199 3344 scaptium,

115 3340 171 3403 nite
188 3349 216 3393 eo
228 3349 319 3407 potest
331 3341 372 3393 ita
385 3343 411 3393 ln.
424 3342 445 3394 l.
457 3340 587 3410 intelligi,
604 3348 635 3392 ut
675 3353 733 3406 pro
746 3340 854 3408 insigni
867 3345 908 3403 ait
921 3332 1031 3397 ooroiio
1045 3347 1200 3412 plectilis.)
1248 3336 1251 3355 '

115 3411 144 3472 g,
157 3411 182 3463 5.
677 3409 795 3473 cristae,
820 3410 916 3481 iubae,
938 3427 1042 3477 pennae
1053 3416 1200 3483 puniceae,

166 3458 193 3540 i.
206 3483 234 3529 2.
266 3491 321 3534 non
333 3476 456 3542 longiore
469 3476 634 3529 oratione-
677 3479 824 3542 candidae,
845 3482 956 3555 nigrae²
979 3485 1012 3533 de
1031 3484 1128 3548 quihus
1143 3484 1199 3536 Ρο-

116 3551 210 3614 quam]
243 3547 302 3598 Hoc
326 3560 380 3597 non
406 3550 440 3597 de
467 3553 633 3615 argumento,
675 3547 770 3609 lybios
789 3548 875 3601 terere
893 3565 927 3600 ex
941 3564 1026 3615 eoque
1036 3553 1153 3617 Lipsius
1163 3555 1198 3605 de
1277 3594 1281 3604 .

116 3619 186 3682 qnod
199 3628 267 3668 sane
278 3618 354 3668 nulla
367 3617 507 3678 prudentis
518 3617 634 3678 impera·
676 3616 733 3668 mil.
746 3617 823 3667 Rom.
836 3621 869 3684 3,
888 3620 905 3670 5
923 3636 948 3682 p.
963 3624 1032 3689 126,
1053 3622 1100 3672 ubi
1113 3622 1197 3674 etiam

116 3686 183 3740 toris
199 3694 262 3737 ante
279 3699 394 3749 pugnam
409 3686 556 3738 cohortatio
572 3685 633 3737 lon·
676 3685 784 3749 efligies
804 3688 939 3740 exliioltae
957 3692 1029 3742 sunt.
1063 3693 1106 3742 ila
1126 3704 1196 3743 vero
1265 3742 1268 3747 .

114 3756 177 3823 gius
196 3757 296 3807 habero
321 3756 416 3821 debet,
447 3757 495 3806 sed
513 3757 547 3805 de
566 3753 633 3816 ipsis
674 3765 727 3804 non
746 3766 764 3805 a
783 3754 896 3806 ducibus
916 3765 1019 3809 tantum
1044 3760 1197 3810 innunlsve

114 3823 208 3876 verbis
228 3825 328 3874 dictum
349 3832 457 3886 puteat
478 3824 547 3875 satis
569 3825 632 3874 bre·
677 3830 725 3874 aut
739 3826 956 3886 centurionibus,
971 3841 1067 3877 verum
1081 3833 1196 3881 atiena

114 3906 178 3945 vom
199 3893 340 3946 duodecim
360 3893 467 3945 circiter
488 3894 632 3946 verborum
674 3891 805 3943 militibus
830 3895 965 3958 gregariis
984 3897 1090 3959 gestari
1112 3899 1195 3950 solito

115 3961 264 4015 orationem
277 3962 400 4012 habebis.
674 3974 737 4012 esse
753 3960 796 4010 hic
809 3957 868 4026 ipse
883 3966 960 4017 locus
973 3967 1061 4017 docet.
1090 3968 1195 4018 Similia

167 4029 195 4092 s.
212 4029 240 4083 4.
281 4032 318 4080 ad
340 4030 458 4095 iusignia
479 4041 631 4083 accommo-
674 4031 816 4082 Gallorum
830 4032 934 4087 caesor
948 4038 980 4104 t,
999 4039 1035 4089 22
1051 4033 1104 4098 §.t
1120 4049 1195 4090 eom-

114 4101 217 4162 danda]
259 4097 405 4164 Perpetem
433 4102 632 4166 Metaplrastss
674 4100 843 4154 memoravit.
1053 4117 1055 4121 ¹
