2572 4688
426 279 532 358 aut
558 278 607 358 n
650 281 774 359 cnr.
801 287 845 357 n
1077 291 1179 393 ¹rte,

87 479 170 582 reat
187 470 392 629 iortiteffise
409 471 573 563 inpetum
589 478 783 582 uostrorum
798 474 943 543 miiitum
957 473 1178 564 sustinerent,

88 583 244 654 pmores,
261 582 310 650 qn
369 559 490 629 abesse
503 583 525 628 e
536 562 688 653 perroqu
701 560 899 633 riderentur
912 583 1021 652 nsque
1033 566 1105 637 ulia
1117 588 1176 637 m.

86 648 256 720 usitate
273 670 383 738 neme
402 649 544 738 imperio
563 650 834 733 continerentur,
857 649 1016 719 exaudito
1029 655 1176 725 clamore
1205 680 1210 689 ,

88 736 303 829 perturbatis
323 735 500 805 ordinibus
521 758 636 806 omnes
657 739 694 806 in
712 738 793 825 fuga
811 738 879 807 sibi
892 738 1098 829 praesidium
1113 765 1176 833 po·

86 830 222 915 nerent.
286 822 346 893 Ita
366 824 441 892 sine
457 826 530 892 nile
545 824 696 914 periculo
708 832 839 894 tantam
854 847 970 895 eorum
983 829 1175 900 multitudi-
1196 824 1219 894 ⁶

86 935 166 982 nem
181 911 293 981 nostri
308 912 568 994 interimerunt,
587 920 750 1002 qnantum
763 913 832 983 init
843 912 912 983 diei
925 915 1091 1005 spatium,
1110 917 1175 986 sub

87 1021 315 1091 occasumque
327 999 412 1069 solis
428 997 636 1069 destiterunt
647 1021 753 1094 usqne
764 1002 800 1070 in
816 1009 949 1086 cosma,
968 1009 1010 1073 nt
1022 1013 1100 1077 erat
1112 1006 1177 1076 irn-

85 1096 265 1183 peretum,
285 1094 497 1179 receperunt.

159 1247 284 1317 priores,
306 1247 393 1313 qnod]
414 1243 591 1314 prioresque
606 1244 667 1299 Pei.
683 1244 770 1312 nouq.
787 1241 818 1299 c.
836 1245 884 1300 Dr.
899 1247 932 1301 ii.
948 1247 1028 1303 vrat
1042 1247 1076 1304 0·
1094 1249 1177 1306 acta

123 1318 183 1371 ait.
204 1317 289 1370 viui.
313 1315 407 1368 cliiii,
436 1316 612 1383 prioresque
634 1314 712 1385 qaod
731 1315 809 1372 cerr·
831 1316 905 1370 Dok.
927 1316 1013 1374 borv.
1034 1321 1095 1374 edi.
1112 1323 1179 1376 ante

122 1386 195 1441 Vsu·
213 1386 234 1437 i.
254 1385 386 1452 potiores
402 1386 479 1454 qaod
496 1387 593 1438 iiemb.

118 1458 129 1501 ι’
158 1455 300 1516 exaudito]
325 1453 396 1523 qaia
410 1455 512 1508 aeaco
527 1452 626 1507 iiamb.

158 1527 303 1589 ponerem]
337 1527 488 1577 commeat
511 1527 597 1575 codex
620 1517 717 1574 vrsiui
739 1528 768 1574 et
792 1522 865 1575 nav.
888 1521 924 1576 l.
956 1533 1069 1589 ponere
1092 1524 1202 1579 Voss.-

123 1591 241 1649 classii
265 1596 428 1659 pesuerunt
444 1593 521 1647 Leid-
538 1595 572 1645 Δ.
590 1593 667 1657 Egra.
683 1592 734 1645 Dr.
751 1590 786 1642 Α.
803 1592 884 1644 Vret.
898 1594 933 1644 n.
951 1593 1033 1648 Goth.
1047 1594 1083 1645 A.
1093 1593 1180 1648 vini.

122 1662 155 1716 c.
173 1661 307 1732 Aldinae,
331 1663 381 1715 (ir.
397 1665 443 1716 ab.
459 1663 546 1715 vaso.
563 1663 642 1714 intr·
660 1666 714 1711 eto.
726 1668 789 1717 ente
803 1661 873 1714 Oui.
898 1662 1010 1714 Scilicet
1022 1674 1180 1728 repugnan-

124 1733 193 1785 tiam
214 1732 286 1783 iuter
310 1735 378 1799 boc,
409 1732 480 1797 quod
496 1730 619 1797 priores,
643 1737 724 1795 atque
740 1729 805 1796 iiie,
828 1742 899 1794 quaa
916 1731 1058 1785 novissimi
1074 1732 1179 1786 iecisse

123 1803 266 1869 dicuntur,
289 1802 471 1854 observantes
489 1813 576 1866 neque
592 1811 648 1850 una
666 1797 856 1853 enuntiationis
873 1808 952 1862 parte
969 1802 1037 1852 baec
1053 1814 1180 1865 compre-

123 1871 205 1923 bendi
231 1883 313 1933 posse
335 1870 525 1922 existimantes
548 1875 609 1932 post
631 1867 825 1920 condierunt
841 1869 921 1932 piene
937 1868 1179 1937 interpungendum

123 1948 153 1992 et
168 1939 312 2005 sequentia
327 1939 356 1989 in
374 1939 497 2002 protasia
514 1944 542 1989 et
558 1936 689 2000 apoduein
704 1936 890 1992 distribuendo
907 1939 1049 2002 putabant.
1082 1940 1179 2005 itaque

121 2012 288 2077 poscerant
312 2008 484 2061 scribendum
510 2007 551 2058 eis
573 2007 635 2058 fuit.
676 2006 731 2059 sed
754 2005 810 2059 seri
829 2015 872 2068 tor
888 2006 957 2059 baec
974 2007 1064 2062 onnia
1079 2006 1180 2064 iudea

123 2079 223 2131 verbis
246 2091 312 2130 eam
335 2077 370 2129 ab
392 2081 527 2131 ectremo
548 2076 661 2145 nqmitte
682 2087 769 2140 usque
787 2021 828 2131 ad
840 2078 890 2130 boo
904 2078 1049 2143 ponerent
1064 2079 1181 2143 aiteram

123 2156 230 2213 partem
252 2161 317 2199 esse
339 2148 428 2199 voluit
449 2148 510 2197 eius
533 2144 682 2212 enuntieti,
709 2145 782 2210 qnod
797 2145 965 2213 praecessit,
987 2145 1076 2214 iisque
1093 2142 1182 2201 ratio-

122 2231 188 2271 nem
204 2219 288 2271 totius
304 2217 404 2278 prociii
420 2216 522 2282 reddit,
547 2217 626 2267 cuins
644 2214 735 2266 exitus
752 2213 928 2269 tristissimus
941 2215 1051 2287 Belgis,
1073 2216 1181 2271 iritnn

122 2288 196 2341 satis
217 2289 336 2351 laetum,
368 2293 443 2338 certe
466 2284 574 2336 minime
591 2286 738 2336 adversum
756 2284 856 2336 iuerat.
898 2287 1020 2351 Namque
1036 2285 1182 2340 novisdrni

122 2354 233 2410 fortiter
253 2355 382 2418 impetum
405 2357 587 2407 Rornanorum
611 2351 748 2404 sustinere
771 2361 933 2422 coeperant,
964 2355 1015 2408 sed
1042 2354 1179 2420 prioribus

91 2420 94 2427 '
121 2426 248 2479 omnibus
264 2424 431 2487 rugientibus
449 2423 517 2473 uuiii
534 2421 597 2472 usui
615 2433 707 2473 eorum
723 2421 814 2473 virtus
830 2422 891 2474 init.
927 2423 987 2475 iarn
1004 2437 1072 2476 vero
1084 2426 1179 2478 diver·

122 2508 185 2547 sam
204 2501 233 2545 et
250 2493 414 2544 contrariam
432 2493 550 2555 priorum
568 2497 596 2542 et
611 2489 820 2542 novissimorum
833 2490 933 2555 agendi
944 2492 1075 2545 rationem
1089 2494 1180 2547 tuisse

121 2566 202 2617 uuila
223 2563 362 2626 particula
385 2562 637 2628 ordinassemus,
660 2560 710 2608 sed
726 2557 789 2621 ipsa
806 2560 964 2622 praedicata
980 2561 1117 2613 intuentes
1136 2563 1180 2615 di·

121 2633 286 2684 versitatenr
312 2642 409 2682 eorum
441 2640 592 2694 agnoscere
614 2628 752 2691 cogimun'
791 2629 884 2691 Neque
908 2637 1069 2697 prepterea,
1109 2635 1181 2698 qnod

91 2744 95 2749 .
121 2713 315 2765 nonnunquam
330 2700 443 2752 niumm
459 2712 509 2762 per
526 2700 572 2765 et,
595 2700 698 2762 utque,
722 2695 937 2762 coiungantur,
962 2698 1046 2762 (quod
1060 2712 1122 2753 cum
1138 2701 1180 2768 tit,

119 2776 180 2824 turn
200 2772 261 2822 iere
277 2781 348 2835 quae
365 2769 511 2820 coniuncta
524 2779 653 2818 essenon
667 2767 788 2830 soleant,
805 2767 903 2817 tumen
916 2777 970 2818 una
981 2775 1010 2818 et
1021 2766 1103 2819 simul
1114 2782 1181 2826 esse

122 2840 330 2905 significantur)
353 2839 436 2891 etiarn
453 2841 479 2888 b.
497 2839 517 2887 i.
532 2836 707 2901 prioresque
724 2834 829 2887 cessar
846 2834 996 2897 scripsisse
1019 2839 1181 2897 statuendae

121 2919 183 2977 est,
207 2911 279 2972 quod
293 2909 398 2972 pariter
409 2920 428 2960 a
440 2906 579 2960 codicibus
593 2905 728 2959 infirmnm
742 2913 824 2970 atquc
836 2907 874 2957 ed
884 2904 1046 2959 senteutiam
1059 2908 1180 2975 ineptum

121 2981 243 3031 videtur.

157 3046 231 3109 ab.
274 3045 325 3097 sub
349 3056 532 3107 occasumque
556 3042 624 3096 soiis
651 3039 828 3103 destiterunt]
861 3043 915 3092 Pro
940 3035 1126 3112 oeccsantqn'e
1150 3047 1180 3103 in

119 3118 197 3172 Dok.
214 3113 293 3170 neit.
309 3113 341 3166 c.
357 3116 408 3167 Dr.
424 3116 455 3166 Β.
472 3115 555 3165 vrat.
570 3113 602 3164 it.
618 3113 704 3165 Brun.
719 3110 802 3164 vind.
820 3110 865 3163 01.
880 3111 935 3164 inc.
952 3125 1128 3186 mensaque,
1149 3118 1180 3176 io

86 3268 158 3324 quos
170 3267 256 3318 snpra
267 3251 439 3305 maissiam
451 3249 529 3318 dhis,
546 3261 614 3315 quos
657 3261 762 3314 quoqne
788 3248 909 3300 inanem
933 3249 1024 3303 inisse
1042 3242 1182 3311 maiorem'.

84 3329 167 3379 scios
190 3323 352 3377 caesariani
371 3320 473 3373 adorti
498 3320 615 3372 interie-
658 3320 701 3372 Gi.
721 3318 755 3385 4,
772 3316 822 3370 ³5:
852 3321 936 3370 tante
955 3320 1052 3387 apetie
1073 3325 1180 3396 secuti,

87 3398 203 3462 camut,
227 3394 325 3459 quippe
345 3392 420 3442 soios
432 3390 614 3443 conmsteutss
658 3391 797 3456 quantum
809 3389 1064 3443 correctricem
1077 3393 1179 3461 effice-

87 3466 249 3528 comiterque
275 3465 405 3523 impetum
432 3461 614 3511 Romanorum
657 3472 693 3511 re
712 3460 882 3523 potuerunt.
916 3471 996 3523 quem
1011 3461 1179 3519 locumnuie

87 3534 271 3586 munerasse
295 3531 417 3594 reliquos
437 3541 488 3580 sen
507 3528 615 3590 priores
658 3528 849 3580 similem·esse
861 3535 938 3578 recte
950 3530 1041 3581 docuit
1053 3532 1181 3587 lisidIns.

85 3601 390 3671 preeecatt'iugientes
403 3599 588 3649 conciderunt.
656 3598 757 3649 Eodem
784 3600 861 3649 motio
888 3596 1005 3662 scripsit
1021 3601 1180 3672 Hirtiuso,

140 3673 169 3733 8,
189 3672 214 3723 5.
249 3679 378 3734 quantum
398 3669 451 3719 tuit
471 3668 526 3718 diei
545 3679 613 3728 sps·
656 3669 707 3716 29:
729 3665 827 3716 eostre·
845 3666 1181 3731 equites-cedentibus

88 3742 170 3805 dnm]
199 3739 269 3791 cnm
290 3740 495 3809 interfectorum
520 3735 613 3786 tuniti-
655 3734 831 3801 drauscioni
864 3738 1003 3800 quantum
1039 3752 1182 3805 equorum

87 3814 154 3864 tudo
170 3821 307 3874 aequasse
327 3807 447 3870 spatium
467 3805 521 3857 diei
542 3805 613 3856 dici·
656 3805 738 3857 sires
750 3806 1181 3870 ‹triperseqaeruiuot‹leuctrae-¹

89 3889 152 3946 tur,
190 3887 270 3930 tenta
307 3876 396 3928 inisse
435 3875 614 3942 significatur,
657 3887 712 3940 qtae
725 3875 764 3926 ad
777 3874 953 3927 caedendum
971 3879 1087 3945 oderi,
1111 3884 1180 3939 taq-

88 3950 218 4016 quautam
244 3960 294 4011 per
319 3947 370 3997 boc
397 3957 461 3994 csse
488 3943 614 4007 licueritq
657 3947 721 3996 tom
736 3944 893 4007 eoproeiio
907 3943 1101 4012 interficiunt.

89 4018 199 4069 sciiieet
224 4018 339 4067 eundem
361 4013 521 4078 terminum,
544 4025 613 4064 ean·
710 4015 761 4064 sub
776 4025 957 4078 occasumque
976 4017 1045 4069 solis
1064 4015 1179 4071 destiteae

89 4089 320 4139 derntneusuram
335 4081 614 4150 cumnccbabuiese,
657 4084 734 4143 runt]
765 4082 824 4132 scii.
846 4083 939 4137 tacere
959 4082 1003 4151 io,
1027 4087 1097 4150 qnod
1122 4089 1179 4141 ten

89 4162 120 4208 et
135 4158 194 4211 -iac
220 4156 248 4209 si
270 4153 358 4209 maius
379 4153 499 4220 inisset,
525 4151 615 4217 ipsam
658 4151 704 4206 diu
724 4153 863 4221 recerunt,
886 4164 966 4215 quau
979 4155 1095 4218 pernisi
1111 4169 1179 4221 spa-

886 4217 968 4290 10⁸
