2572 4688
382 263 489 342 siu.
517 224 573 340 ri.
615 262 739 339 cur.
765 266 812 338 es
939 340 942 349 .
1070 272 1137 342 ιιι

49 459 124 527 iere
143 477 165 524 c
181 455 295 524 iroote
315 459 352 522 et
369 453 412 521 ab
428 455 567 523 sinistra
581 463 679 546 porte
693 453 831 524 nudatis
844 455 988 539 cestris,
1008 477 1082 525 cnm
1097 457 1136 526 in

50 547 173 615 dextro
194 564 299 611 cornu
320 543 410 628 legio
429 543 627 611 duodecima
646 552 681 611 et
695 566 761 611 non
779 567 898 629 magno
913 545 955 610 ub
973 567 1012 614 ea
1029 546 1136 613 inter-

50 637 144 705 vallo
171 633 317 719 septime
342 632 571 714 constitisset,
606 653 720 737 ornnes
743 630 863 737 Nervii
885 633 1135 738 coniertissimo

52 717 634 888 iiiiiiiiiiliiiiiiniffl
647 723 1181 896 iiiiiiiiidtiiiit

51 896 207 982 legiones
232 894 490 974 circumvenire,
525 915 606 983 pars
626 915 793 961 summum
815 901 1004 963 castrorum
1025 896 1138 962 locum

53 991 173 1073 petere
194 981 319 1070 eoepit.
404 983 462 1050 24.
489 979 617 1047 Eodem
637 987 790 1071 ternpore
807 982 940 1071 equites
958 984 1069 1050 nostri
1089 985 1141 1061 le-

53 1070 176 1161 visque
191 1075 382 1137 armaturae
394 1067 546 1158 pedites,
567 1068 625 1158 qui
640 1091 715 1137 cum
729 1070 774 1138 iis
788 1090 856 1138 nna
871 1070 1026 1156 inerant,
1052 1092 1141 1160 qnos

107 1263 162 1339 ,ab
182 1261 311 1324 sinistra]
334 1260 420 1314 Paulo
439 1259 565 1325 cupidius
584 1262 636 1315 loe
655 1260 691 1314 ab
703 1260 772 1314 ond.
789 1259 919 1326 cxiioug.
931 1262 967 1314 A.
981 1262 1058 1328 liger,
1070 1262 1144 1316 lior.

90 1327 261 1403 „aliisque“
278 1331 382 1392 (sort.)
402 1343 452 1395 pro
468 1345 488 1382 o
504 1332 559 1382 cin.
586 1330 705 1395 priorum
722 1333 783 1381 cdd.
799 1340 939 1394 receptum
954 1332 1045 1384 temen
1061 1346 1145 1385 acce·

91 1403 217 1454 dentibus
233 1402 281 1452 Dr.
297 1403 332 1450 A.
346 1401 428 1451 Viud.
446 1400 477 1448 li.
490 1402 572 1452 Vret.
588 1400 646 1451 Ali.
664 1402 744 1452 (ioth.
761 1401 793 1452 B.
809 1401 879 1451 Vsu.
896 1401 917 1452 i.
934 1403 1078 1453 tenendum
1091 1415 1145 1464 pn-

91 1471 153 1524 tevi
175 1477 206 1521 ut
230 1482 249 1521 a
271 1469 377 1534 potiore
401 1469 523 1521 codicum
545 1481 646 1534 genere
671 1477 699 1521 et
721 1481 772 1534 per
794 1480 827 1523 se
843 1481 947 1537 quoquc
963 1470 1053 1535 magis
1069 1470 1157 1522 com-‘

91 1541 254 1593 merismu.

127 1610 204 1669 cum]
229 1617 314 1674 qoem
331 1601 412 1657 Goth.
431 1607 458 1656 A
476 1615 496 1656 e
515 1616 553 1658 m.
571 1615 613 1669 pr.
636 1602 713 1671 quod
731 1603 804 1656 idem
823 1616 894 1659 eru.
913 1618 988 1672 sec,
1009 1607 1069 1659 Pet.
1092 1609 1145 1659 οι.

93 1677 176 1729 vind.
197 1676 228 1727 G.
247 1676 379 1740 Aldinae,
401 1675 450 1727 (ir.
471 1687 498 1727 a.
515 1677 592 1725 l'nrr.
612 1674 689 1738 Irips.
722 1688 778 1740 qao
804 1675 863 1726 cod.
882 1675 976 1726 lirant.
994 1684 1056 1728 uoto
1075 1676 1147 1728 oud.

93 1748 194 1809 (song.
213 1746 250 1798 Ao
270 1747 339 1796 Lov.
352 1744 438 1796 Voss.
455 1746 490 1794 A.
511 1743 582 1793 sote
601 1745 691 1807 ligm.)
714 1744 763 1794 Dr.
778 1744 809 1797 li.
828 1745 926 1796 Humi.
940 1745 1026 1803 lionn.
1038 1752 1068 1796 et
1079 1757 1098 1798 a
1110 1758 1148 1798 m.

93 1829 138 1879 pr.
158 1817 207 1868 Dr.
229 1817 264 1865 A.
278 1814 359 1865 Vrot.
380 1813 437 1860 AB.
457 1825 518 1862 cum
531 1812 574 1862 ed.
588 1811 640 1862 iiie.
663 1813 795 1864 Fortasse
807 1810 912 1866 caesar
927 1825 1012 1878 quom
1025 1813 1148 1882 scripsit,

96 1884 175 1936 cuius
187 1884 342 1945 scripturae
354 1880 516 1932 montionem
529 1892 547 1931 a
559 1881 723 1942 Quintiliano
736 1881 797 1932 lieri
810 1883 846 1933 sd
863 1884 898 1950 1,
914 1883 932 1933 1
949 1882 976 1944 s.
990 1887 1009 1935 3
1024 1884 1113 1935 docui.

129 1951 157 2012 S.
172 1951 199 2004 5.
232 1950 335 2013 coepit]
358 1951 515 2012 coeperunt
529 1950 605 2001 Leid.
618 1952 652 2001 A.
665 1947 732 2001 oud.
746 1953 762 2000 2
780 1950 839 2000 sine
851 1949 948 2002 idonce
961 1951 1133 2005 auctoritate.

131 2022 200 2086 cap.
213 2017 257 2071 24.
282 2019 309 2080 s.
324 2021 349 2069 1.
385 2019 431 2083 qui
448 2020 522 2076 cum]
548 2018 652 2086 quique
670 2032 736 2071 com
755 2018 833 2072 Gerr.
846 2020 931 2072 Voss.
949 2022 984 2072 A.
1004 2022 1055 2073 01.
1074 2021 1156 2073 Dnls:

98 2090 173 2143 coo.
187 2090 264 2153 iigm.
278 2091 348 2139 ιον.
362 2089 445 2150 Bong.
459 2086 491 2140 (i.
504 2088 553 2140 Dr.
568 2088 596 2138 B.
609 2088 689 2140 Vind.
703 2087 775 2142 Alii.
789 2089 880 2149 soeph.
892 2090 963 2150 qnod
976 2088 1045 2142 liud.
1063 2091 1153 2157 „ler-
1200 2100 1213 2113 ‘

97 2173 150 2212 san
164 2155 294 2210 rectius“
311 2157 486 2220 pronuntians
500 2163 528 2205 et
544 2156 624 2208 simul
638 2171 663 2209 c.
677 2160 711 2208 19
728 2157 849 2208 conferri
860 2155 957 2208 iubens
970 2158 1079 2212 videtur
1092 2170 1153 2226 eos,

99 2229 146 2295 qui
165 2224 204 2278 ibi
223 2226 250 2287 s.
272 2229 289 2276 3
313 2227 463 2276 molitores
482 2225 671 2291 sagittariique
690 2239 753 2278 oum
772 2224 906 2290 equitibus
933 2228 1033 2279 fiumen
1059 2236 1155 2281 trans-

98 2296 192 2363 gressi
212 2296 355 2360 dicuntur‚
379 2297 405 2345 lr.
419 2294 438 2344 1.
456 2296 551 2345 verbis
572 2295 622 2361 poi
641 2307 706 2346 eum
724 2295 760 2347 iis
779 2309 839 2347 uno
852 2297 977 2362 fuerant
991 2295 1155 2363 significari,

97 2366 172 2418 ieoir
185 2371 274 2417 antem
285 2364 458 2416 armaturae
468 2363 583 2428 pedites
591 2364 721 2417 Numidas
734 2365 923 2429 intelligendos
937 2367 1063 2428 potesse.x
1093 2367 1155 2420 Ac·

99 2435 174 2486 cedit
193 2433 264 2497 quod
282 2432 357 2484 inira
377 2429 434 2491 §.3
456 2433 587 2484 Numidas
607 2433 678 2485 iuter
690 2432 828 2498 fugientes
841 2436 1014 2500 referuntur,
1037 2444 1155 2497 qnorum

100 2516 168 2555 sane
187 2500 303 2565 mentio,
325 2499 350 2551 si
361 2500 420 2565 iqui
433 2512 528 2551 verum
541 2507 601 2569 est,
617 2502 696 2553 nulla
712 2501 881 2569 praecessit,
898 2503 942 2553 sin
956 2503 1079 2568 quique,
1099 2502 1156 2554 sli-

99 2578 259 2638 qnatumen
271 2572 322 2621 hoc
333 2569 396 2632 ipso
410 2571 471 2635 loco
484 2567 587 2620 iniecta
599 2578 642 2621 est
655 2571 752 2620 verbis
766 2570 894 2636 levisque
911 2575 1084 2623 armaturae
1100 2584 1157 2636 pe·

100 2640 194 2707 dites,
212 2640 281 2703 qnod
296 2650 392 2690 nomen
404 2637 582 2690 iaculatorum
596 2645 623 2688 et
637 2639 813 2691 Numidarum
826 2640 964 2702 proprium
977 2640 1066 2693 inisse
1079 2642 1114 2691 ad
1130 2652 1157 2692 e.

103 2710 141 2762 1⁰
157 2709 184 2770 S.
198 2711 214 2759 1
233 2706 321 2759 docui.
353 2707 407 2757 Sed
419 2706 527 2758 minime
540 2710 602 2770 apte
615 2707 749 2771 sagittarii
761 2715 790 2757 et
801 2708 969 2774 funditores,
992 2709 1039 2772 qui
1057 2715 1087 2758 et
1101 2709 1158 2772 ipsi

100 2779 209 2843 pedites
227 2783 337 2845 essent,
360 2787 417 2828 una
435 2788 497 2827 cum
509 2776 583 2827 levis
596 2784 750 2828 armaturae
761 2777 904 2840 peditibus
919 2779 1007 2828 luisse
1020 2776 1149 2829 dicuntur

102 2852 133 2896 ct
148 2846 293 2897 Numidae
315 2844 424 2910 potius,
446 2851 478 2894 ut
490 2857 515 2895 c.
531 2845 581 2913 10,
605 2858 686 2909 qnam
701 2846 816 2910 pedites
836 2846 989 2897 nominandi
1008 2846 1108 2914 erant,
1131 2860 1145 2896 s

101 2918 153 2966 lios
165 2914 283 2977 intelligi
296 2914 381 2964 vellet
394 2913 520 2977 scriptor.
554 2914 651 2978 ltaque
664 2914 731 2981 qui,
746 2928 801 2968 nou
813 2915 918 2982 quique
931 2914 1090 2982 scripsisse,
1107 2926 1159 2979 ce-

92 2992 194 3035 ·torum
211 2982 341 3034 Numidas
362 2993 467 3047 quoqne
485 2995 536 3033 seu
557 2982 723 3034 iaculatores
743 2987 791 3037 vel
808 2998 863 3036 nne
882 2996 945 3034 oum
960 2983 1096 3047 equitibus
1110 2985 1159 3038 vei

102 3054 187 3119 paulo
205 3059 268 3115 post
285 3052 383 3102 lumen
401 3058 591 3116 transgressos
611 3055 640 3103 ct
659 3054 694 3103 ab
713 3055 835 3104 hostibus
848 3055 943 3115 pulsus
960 3051 1115 3115 significare
1130 3056 1160 3106 ct

102 3125 156 3174 lice
169 3122 205 3174 ad
217 3134 267 3185 ea,
285 3132 354 3185 quae
367 3134 393 3172 c.
409 3123 444 3171 19
461 3119 489 3180 S.
502 3123 520 3172 ³
536 3128 565 3172 et
577 3123 595 3170 6
610 3121 753 3189 narravit,
775 3124 875 3174 addere
888 3122 998 3172 videtur
1010 3123 1159 3178 consuctu-

103 3193 167 3245 uiro
177 3191 295 3256 cutim
307 3201 375 3258 sua,
392 3191 427 3243 dc·
441 3202 495 3256 que
507 3190 535 3245 iu
547 3190 639 3246 ednot-
652 3191 714 3246 erit.
728 3193 764 3248 ad
778 3194 812 3260 1,
829 3191 865 3245 24
882 3190 909 3252 S·
923 3194 941 3242 2
958 3188 1046 3257 rerba
1056 3191 1124 3245 feti.

71 3361 405 3416 cliniumineauttrans
418 3362 595 3418 lamenter-
691 3364 1033 3418 summumcestrornmloe
1079 3365 1162 3425 Jnon

71 3432 129 3483 soti
146 3436 242 3483 essent
253 3434 452 3502 veromandui,
475 3435 508 3485 in
527 3435 596 3498 ripis
637 3445 716 3503 cum,
745 3439 792 3501 qui
818 3448 937 3486 summus
957 3441 1019 3484 erat
1091 3434 1163 3484 locis

71 3501 204 3564 proeliari
215 3501 347 3571 Romani,
361 3515 464 3568 neque,
480 3517 543 3554 cum
560 3506 597 3556 el»
639 3514 802 3572 caenosum,
820 3509 870 3557 sed
881 3505 1041 3554 universum
1054 3511 1165 3554 castum

71 3570 151 3623 initio
170 3584 206 3621 ex
225 3572 288 3623 loco
308 3572 448 3636 superiore
473 3586 597 3636 pugnes·
638 3586 700 3626 rum
719 3575 826 3641 locum,
851 3575 898 3639 qui
910 3585 1032 3623 summus
1052 3572 1166 3639 dicitur,

74 3647 152 3709 unt,
174 3641 200 3692 si
221 3639 251 3691 iu
269 3639 337 3704 ripis
351 3652 456 3705 quoquo
470 3642 596 3704 superio·
639 3643 704 3706 quia
716 3652 809 3696 caena
822 3645 850 3696 in
862 3655 968 3697 sumno
984 3641 1057 3693 colle
1072 3641 1164 3706 posits

72 3720 121 3759 res
133 3709 196 3761 loco
210 3709 345 3776 fuissent,
362 3710 418 3760 iem
429 3710 457 3760 in
469 3709 541 3775 ipsis
556 3711 597 3765 ri-
639 3718 727 3764 erent.

73 3776 118 3841 pis
131 3777 266 3840 proelium
278 3780 374 3830 facere
387 3779 552 3833 dicerentur.
648 3828 651 3835 ,
691 3780 761 3843 Cap.
780 3778 825 3831 et.
850 3778 878 3841 s.
900 3781 925 3829 1.
965 3775 1162 3838 inerunt10i.

127 3846 154 3906 S.
174 3848 201 3899 5.
235 3849 444 3909 apertolatere]
475 3851 541 3901 luc.
556 3845 598 3898 si·-
640 3841 702 3899 adn.
715 3849 777 3900 crit.
792 3852 827 3900 ad
840 3863 864 3900 o.
877 3853 895 3899 lt
908 3840 969 3907 §.A
993 3848 1164 3910 Quemquam

75 3914 178 3981 nistra,
210 3923 303 3979 utpote
326 3917 453 3967 discessu
473 3917 596 3981 reliqua-
639 3916 667 3967 li.
689 3919 710 3967 l.
734 3919 824 3981 magis
844 3933 880 3969 er
900 3929 953 3967 usn
978 3917 1088 3978 vomeri
1108 3930 1162 3980 po-

75 3993 137 4037 rum
158 3983 313 4052 legionum,
339 3998 411 4048 quae
430 3984 500 4036 illud
518 3995 597 4038 texe-
639 3987 723 4037 situm
748 3984 1045 4052 plusquamperfectum
1071 3984 1163 4037 videri

76 4061 155 4120 runt,
176 4055 287 4108 nudmo.
321 4053 366 4108 (ti.
385 4054 447 4108 adu.
458 4056 495 4108 sd
509 4059 545 4125 l,
561 4053 597 4109 25
640 4059 746 4122 potest,
763 4063 794 4106 ut
806 4065 871 4108 onec
882 4059 976 4116 rogam
988 4052 1094 4116 pedites
1106 4064 1162 4105 ons

77 4118 146 4183 ti·
639 4136 701 4179 com
717 4125 854 4190 sommus
872 4124 978 4190 ruins,
1001 4122 1097 4175 remea
1109 4122 1161 4175 ιιιι

905 4188 952 4333 ¹‚2
