2572 4688
146 308 215 381 us
407 302 482 378 ml
503 292 691 378 'sotto
721 302 975 380 cantico

64 520 66 532 ·
150 492 211 568 e'oa
229 499 336 565 testes
354 514 438 563 suaa
459 484 605 587 quiaque
627 490 765 564 virtutis
787 495 942 581 haberst3
976 496 1094 652 ifisas
1118 492 1240 568 dextro

152 602 275 671 ⁰⁰¹·'”¹¹’
308 579 1139 753 iiiiii,Pissssiimmtiffirsstm”melitii
1152 608 1242 742 :ii

109 680 131 747 Ξ
151 674 264 832 griffi?
266 693 384 827 131⁰th
396 758 497 864 signo
521 766 592 861 ¹oto
606 759 768 851 impetum
784 722 955 842 iecerunt,
981 761 1099 851 itaque
1120 762 1241 832 hostes

151 855 291 945 a...
304 847 526 999 .....,...
539 844 1242 1006 lilllll‘lltlitl‘il:tillia

109 948 131 1012 3
149 946 565 1184 {zeiiiossnpl'ircglglelrturxoezt
606 1023 662 1092 At
676 981 839 1091 &armani
854 958 1011 1092 celerilter
1031 1045 1075 1092 ax
1096 1047 1241 1093 consue-

190 1112 267 1181 dine
289 1132 352 1177 aua
370 1110 536 1198 phalanga
551 1108 642 1179 facta
650 1108 803 1200 impetus
819 1110 1009 1196 gladiorum
1022 1120 1240 1202 exceperunt.

107 1206 131 1275 4
151 1199 294 1294 Reperti
308 1203 398 1287 ,suut
417 1199 609 1301 complures
625 1199 736 1267 noatri
754 1198 899 1283 militas,
920 1201 1029 1288 quiin
1048 1202 1240 1307 phalangas

207 1376 287 1442 ¹'cap
300 1375 345 1429 52.
367 1372 396 1436 s.
411 1374 437 1424 1.
475 1374 576 1435 testes]
600 1372 686 1428 testis
703 1374 773 1428 oui.
788 1377 804 1427 1
821 1377 968 1429 secundum
984 1377 1068 1443 Bona.
1084 1380 1120 1429 A.
1137 1375 1168 1430 in
1186 1389 1240 1443 quo

207 1445 349 1503 ltischkius
364 1458 381 1497 e
398 1450 483 1506 super
499 1444 510 1494 t
526 1444 657 1506 scriptum
672 1444 749 1495 vidit.

217 1516 336 1571 animum
351 1514 525 1574 adverterat]
547 1515 619 1566 And.
636 1514 732 1566 calmo
748 1513 816 1565 arlo.
833 1511 911 1564 Leii.
927 1515 962 1564 A.
984 1513 1114 1567 ommam
1128 1514 1241 1568 adoer-

182 1588 264 1649 teret
280 1582 362 1638 Vina.
378 1584 416 1634 A.
437 1582 612 1635 ademerat
629 1585 726 1635 llamb.
749 1583 1002 1635 animadverteret
1019 1586 1066 1636 Dr.
1079 1585 1138 1635 All.
1156 1585 1238 1639 Vrat.

183 1658 215 1710 Β.
231 1657 315 1709 Boon.
337 1652 594 1704 animadverterat
605 1653 704 1719 reliqui
723 1664 784 1704 cum
799 1654 859 1703 edo.
877 1660 941 1703 ante
958 1653 1028 1706 ond.
1053 1654 1171 1705 Divisae
1189 1667 1239 1705 sa-

181 1726 221 1780 tis
238 1727 299 1779 tuta
314 1722 439 1773 videtur:
461 1723 495 1771 ‹le
512 1724 591 1773 modo
608 1724 755 1775 seeundum
768 1734 817 1787 ea,
835 1733 905 1785 quae
918 1722 954 1773 ad
973 1735 998 1773 c.
1010 1726 1046 1776 39
1064 1722 1121 1784 §.3
1138 1724 1237 1775 obser-

182 1795 268 1860 vati,
292 1789 424 1845 dubitatio
440 1801 506 1841 esse
523 1798 628 1857 potest,
652 1804 688 1843 an
708 1790 912 1858 coniunctivae,
928 1790 957 1842 in
970 1804 1049 1857 quem
1062 1792 1174 1846 codices
1186 1794 1239 1844 duo

184 1866 356 1919 diuersorum
373 1872 500 1924 generum
515 1861 610 1924 optimi
624 1859 809 1926 consentiunt,
835 1870 917 1910 verua
935 1860 981 1913 sit.

217 1932 246 1995 s.
257 1930 285 1983 4.
318 1930 483 1995 phalangae]
506 1960 515 1992 ‚
534 1929 661 1993 Plerique
678 1926 875 1992 complurimis
890 1929 958 1981 Adi.
973 1928 1146 1999 ptolaapee,
1163 1930 1238 1994 plte-

181 2001 293 2070 lanpts‚
322 1963 527 2065 pltoloaqetrt‘2
541 1996 701 2066 ptalanpes
723 2000 793 2049 lov.
816 1999 898 2062 ltong.
924 1998 956 2051 Β.
982 1999 1057 2051 Gott
1074 2000 1136 2050 Pal.
1153 1999 1239 2050 Goth.

107 2098 110 2103 ·
181 2076 215 2127 Β.
240 2067 302 2122 edd.
326 2076 389 2120 aute
406 2070 478 2118 Ven.
495 2068 516 2117 i.
540 2066 695 2134 pltalanpir
710 2069 792 2119 Vrat.
809 2066 862 2119 lto.
881 2068 965 2118 Bonn.
994 2067 1169 2135 plcloapem
1186 2069 1237 2121 cu.

181 2144 267 2205 Βοῦς.
283 2137 316 2190 G.
333 2138 382 2187 Dr.
394 2136 425 2185 Β.
441 2133 521 2186 Goth.
541 2139 576 2186 A.
592 2135 676 2188 Vinci.
692 2135 738 2188 cl.
756 2136 827 2188 ven.
840 2136 861 2186 i.
879 2137 972 2203 Steplr.
986 2137 1035 2189 Gr.
1051 2138 1078 2188 o.
1101 2139 1237 2207 falanpoa

180 2210 281 2264 llamb.
302 2206 475 2273 ptotoapcm
491 2203 570 2257 Laii.
583 2205 618 2255 A.
635 2203 687 2257 ox.
705 2205 788 2257 Voss.
801 2208 837 2256 A.
856 2203 936 2260 vind.
950 2208 985 2257 A.
1006 2206 1112 2259 liorem
1127 2216 1237 2274 postre-

180 2292 256 2335 num
270 2279 304 2329 ad
318 2278 424 2326 molum
442 2273 579 2326 nominum
593 2274 715 2326 cratero
731 2277 760 2326 et
775 2273 923 2326 Salamina
938 2273 1106 2327 declinatum
1122 2284 1237 2343 propter

141 2381 144 2386 -
180 2345 354 2405 insolentiam
369 2342 458 2393 uideri
474 2343 564 2405 potest
578 2340 667 2394 variis
683 2343 845 2396 lectionibus
862 2343 1033 2396 occasionem
1049 2344 1177 2413 dedisse,
1208 2353 1236 2396 et

181 2419 264 2485 paulo
288 2421 352 2467 ants
378 2411 495 2474 scriptor
517 2410 650 2478 singulari
672 2425 740 2465 usus
757 2421 818 2466 est:
841 2411 984 2481 ptolanqe
1000 2415 1092 2482 sacta.
1126 2416 1182 2467 seli
1197 2415 1236 2466 iol

181 2498 269 2555 genus
292 2479 365 2535 aciei
388 2480 573 2549 significatur,
597 2489 628 2533 ut
648 2483 736 2535 veroa
757 2496 796 2535 ea
820 2482 1026 2535 contaetuctne
1052 2495 1108 2535 aaa
1126 2486 1236 2551 elocent,

181 2568 253 2623 quae
275 2565 322 2604 res
344 2549 374 2602 in
396 2549 559 2614 cogitatione
576 2549 666 2613 posita
685 2551 851 2616 singularem
866 2550 995 2616 requirit:
1019 2551 1064 2604 oio
1081 2553 1190 2614 species
1207 2560 1236 2604 et

181 2623 262 2694 quasi
278 2625 401 2686 iormae,
424 2630 493 2684 quas
509 2632 598 2683 genus
612 2619 754 2689 mouerat,
779 2622 1014 2690 demonstrantur,
1041 2632 1113 2685 quaa
1129 2629 1236 2686 septem

25 2742 27 2749 ,
180 2703 261 2749 erant
274 2704 324 2756 pro
338 2691 442 2752 septem
457 2688 601 2753 generibm
613 2689 809 2743 Germanorum
824 2702 849 2740 c.
861 2688 894 2741 51
908 2689 936 2749 s.
950 2693 968 2741 Β
983 2690 1138 2742 nominatio.
1176 2692 1236 2744 lta-

67 2784 69 2789 ·
178 2775 232 2833 quo
248 2760 365 2830 pluralis
380 2757 555 2840 necessarius
571 2766 623 2810 est.
657 2761 751 2826 Neque
767 2757 880 2813 mutatio
891 2757 948 2812 ista
959 2758 1148 2813 declinationis
1160 2759 1236 2814 (lae-

144 2936 229 2993 eciam
243 2942 326 2988 antea
337 2933 431 2996 plures
450 2928 580 2983 habuisse
595 2927 669 2982 iudi·
711 2926 869 2996 utquisque
887 2930 967 2984 miles
982 2944 1047 3000 ece,
1070 2934 1098 2985 lt.
1114 2945 1139 2983 e.
1154 2933 1234 2999 lega-

145 3008 249 3061 oandus
261 3011 313 3055 est.
346 3003 400 3054 sed
415 3014 450 3051 ex
461 3001 567 3052 duabus
579 2997 669 3052 inter·
710 3004 768 3051 tum
781 3009 809 3052 et
823 3009 1010 3069 quaestorem,
1035 3014 1104 3055 suae
1118 3003 1232 3055 virtutis

145 3072 360 3144 protectionibus,
383 3082 454 3135 quas
472 3070 545 3138 dixi,
570 3071 667 3135 altera,
711 3076 798 3121 testea
813 3071 934 3122 liaberet.

146 3158 217 3214 quae
242 3140 387 3194 ciacconio
414 3146 443 3190 et
470 3137 667 3190 recentioribus
761 3152 823 3190 eam
854 3139 985 3202 partem]¹
1013 3151 1093 3204 quam
1122 3138 1185 3205 ipae
1214 3153 1235 3195 a

148 3212 308 3282 quibusdam
328 3207 446 3274 placuit,
469 3220 505 3259 ne
525 3208 586 3271 ipsa
606 3206 667 3272 qui·
709 3207 805 3259 dextro
825 3220 910 3260 cornu
932 3221 982 3262 suo
1002 3209 1134 3271 proelium
1154 3221 1233 3262 com·

147 3287 209 3338 ilem
228 3281 298 3333 satia
317 3276 464 3329 convenire
476 3278 539 3329 usui
557 3276 667 3341 linguae
707 3276 818 3330 mittens
832 3291 867 3329 ex
880 3279 999 3331 adverso
1011 3278 1128 3341 positam
1144 3281 1235 3331 halre-

148 3353 273 3416 videtur,
302 3348 348 3413 qui
373 3359 511 3398 numerum
531 3345 667 3409 legionum
710 3346 773 3412 bat,
795 3349 866 3412 quoti
885 3347 1027 3400 sinistrum
1039 3355 1101 3398 crat
1114 3349 1234 3402 hostium

148 3434 244 3489 parem
257 3428 369 3468 numero
384 3419 535 3480 legatorum
550 3415 666 3481 singulis
709 3427 810 3483 cornu,
836 3429 926 3481 aquo
946 3417 1043 3469 deinde
1067 3415 1094 3476 S.
1115 3416 1132 3471 5
1157 3419 1233 3481 pulsi

148 3492 351 3556 praefectorum
364 3484 477 3549 cogitari
490 3484 573 3536 iubet.
607 3485 667 3536 lta-
709 3492 791 3550 atque
814 3483 842 3536 ia
870 3487 964 3552 lugam
987 3485 1116 3538 conversi
1136 3489 1233 3540 hostes

149 3573 201 3627 que
219 3556 371 3622 legionibus
385 3553 532 3622 omnibus,
554 3566 668 3617 quarum
708 3555 843 3606 (licuntur.

149 3626 314 3694 significatio
327 3623 490 3693 insiapolts
503 3623 576 3674 inest
589 3624 667 3682 (nam
760 3623 787 3684 s.
801 3626 826 3673 2.
869 3622 926 3683 lta]
957 3623 1017 3674 lloc
1034 3635 1096 3674 oum
1114 3623 1232 3678 acriter

148 3700 184 3751 ‹le
202 3694 318 3761 singulis
336 3695 407 3758 quod
426 3692 617 3758 praedicatur,
639 3691 667 3743 id
710 3693 955 3759 contaminarem,
978 3701 1008 3743 ut
1021 3690 1142 3764 ttcique,
1160 3696 1233 3760 quoti

148 3766 217 3821 nulli
229 3777 284 3817 non
296 3762 437 3826 tribuitur)
450 3771 570 3814 statuere
584 3761 667 3812 ‹lebe-
710 3762 849 3828 sequitur,
867 3762 901 3811 rie
915 3764 1138 3829 qrrollerzopiue
1151 3764 1237 3832 tiixlt,
1281 3798 1284 3803 -

147 3849 209 3889 mus
235 3841 406 3902 quaestorem
423 3830 465 3882 sic
485 3832 584 3882 adesse
605 3828 666 3880 ius·
709 3842 771 3881 cum
785 3833 905 3894 repente
920 3832 1125 3898 celeriterque.
1154 3834 1232 3886 llar-

147 3918 224 3970 sum‚
240 3911 271 3955 ut
282 3903 391 3953 virtutis
402 3901 519 3952 omnium
531 3899 666 3965 legionum
708 3899 780 3951 ratio
793 3901 833 3949 rei
847 3900 990 3969 impetum,
1012 3914 1065 3965 quo
1078 3909 1160 3967 gesta
1175 3909 1231 3971 est,

51 3978 53 3989 '
147 3974 229 4028 tastis
253 3974 347 4025 eodem
369 3972 448 4022 modo
473 3982 537 4020 ease
561 3970 666 4036 posset,
707 3967 844 4035 imitatur,
874 3965 952 4022 nulla
972 3965 1109 4036 particula
1135 3979 1237 4039 trans-⁸

144 4057 198 4111 quo
226 4041 329 4106 singuli
357 4039 442 4104 legati
470 4037 545 4103 eius,
584 4049 666 4102 quam
707 4036 774 4091 itum
803 4038 951 4090 molliente.
990 4040 1141 4100 Perpetem
1160 4041 1230 4092 ono.

106 4152 116 4159 -
143 4114 258 4183 quisque
270 4111 440 4177 singularum
455 4107 592 4172 legionum
609 4107 664 4159 mi·
707 4115 735 4158 ot
754 4105 803 4160 alii
821 4109 899 4171 plene
915 4116 976 4175 post
989 4109 1129 4178 fecerant
1140 4107 1230 4164 iuter·

142 4186 184 4236 les
196 4185 358 4249 praestaret.
377 4179 427 4247 §ic
438 4178 554 4248 deniquo
566 4176 661 4246 fiebat,
705 4178 837 4244 pungunt.
1224 4184 1228 4193 ·
