2572 4688
470 127 479 156 l
521 157 523 161 ,

355 233 470 337 'urs
497 264 583 352 un.
624 264 749 339 cnr.
776 268 825 354 no
1029 216 1032 235 ’
1081 273 1149 345 oss

58 464 115 526 tos
129 454 316 543 audiendos
332 476 442 544 neque
460 454 670 525 conditiones
685 455 898 547 accipiendos
915 424 1149 532 arbitrabatur

58 547 102 614 ob
114 547 180 629 his,
201 546 259 634 qui
273 543 461 634 pardulum
475 552 577 634 etque
589 544 732 621 insidias
750 549 857 636 petitu
870 569 952 637 pace
967 548 1060 616 ultro
1074 549 1147 618 hel-

61 752 137 806 etrie
149 764 203 804 nec
214 752 297 804 ciret
307 752 465 819 suppetent
480 763 542 803 cum
555 753 585 815 2,
622 750 695 817 litos
713 753 763 804 sed
776 756 988 807 tementeosdem
1001 768 1053 820 per
1064 753 1144 810 irun-

59 829 96 878 13
114 827 180 876 com
192 823 251 873 tom
262 822 438 889 defenderet
449 834 541 872 nemo.
606 824 686 888 xdent
708 823 830 875 Rhenum
857 825 993 875 transisse
1020 828 1048 876 et
1071 828 1145 879 elem

112 891 280 943 conditiones
293 892 480 954 accipiendas]
494 893 583 952 supro
625 903 686 942 cum
700 891 788 964 (tellis
803 894 835 943 de
849 893 921 946 bello
937 893 990 944 sibi
1003 893 1144 948 inferendo

60 962 122 1012 cti
149 962 296 1012 caesarem
314 960 428 1024 legimus
449 956 583 1010 conditio·
625 961 719 1024 egisse
729 969 904 1027 compererat,
917 958 1145 1026 resqueitooom-

60 1022 236 1082 nem'tulisse
250 1029 409 1092 Vsipetlbns
425 1035 453 1078 et
467 1028 583 1079 i'encte-
625 1032 725 1094 persta
737 1026 812 1095 erut,
835 1040 865 1081 ut
876 1044 962 1094 neque
975 1034 1031 1082 tum
1045 1046 1144 1086 verum

59 1100 117 1166 ris,
140 1102 171 1150 ut
182 1099 314 1151 Vbiorum
332 1097 473 1149 infinibus
490 1094 583 1147 consi·
624 1099 742 1150 inveniri
752 1100 812 1149 sine
822 1101 904 1164 longa
911 1101 1067 1164 quaestione
1078 1114 1145 1166 pos-

60 1170 166 1221 nerent
189 1169 232 1218 Ra
246 1182 276 1217 se
289 1180 387 1219 usuros
400 1167 583 1231 ostenderant,
625 1175 685 1231 set,
702 1167 819 1231 quamsi
832 1169 1076 1235 beberetceesar,
1093 1184 1146 1235 pe-

59 1235 159 1288 siVbil
171 1235 224 1286 sibi
238 1237 318 1286 fidem
328 1236 461 1287 fecissent
473 1242 500 1285 et
509 1234 583 1286 cac·
624 1236 739 1289 ticulum
752 1245 836 1302 esset,
857 1248 891 1286 ne
905 1239 940 1289 ab
952 1239 1075 1290 hostibus
1088 1241 1147 1291 cir·

61 1318 109 1358 sur
120 1305 230 1356 interim
243 1307 315 1356 bello
328 1305 486 1358 abstineret.
509 1304 582 1355 Vide
625 1306 837 1374 cumveniretur,
854 1319 940 1370 neque
952 1311 1048 1370 postea
1060 1309 1096 1361 ati
1106 1309 1147 1360 li-

61 1389 87 1425 e.
101 1377 135 1424 11
160 1372 221 1433 §.2
243 1377 270 1424 et
289 1378 316 1425 3.
359 1376 418 1426 lios
434 1373 519 1438 igitur
540 1371 583 1424 illi
625 1375 732 1440 quidum
747 1375 857 1437 perduci
870 1375 991 1438 potuisse
1007 1378 1146 1447 videatur,

60 1445 213 1495 retulerant
227 1443 410 1509 conditiones,
428 1455 515 1506 neque
533 1453 582 1491 eas
624 1456 687 1495 cum
715 1443 837 1495 seniores
864 1445 972 1495 scilicet
995 1458 1026 1496 se
1050 1446 1146 1498 invitis
1162 1450 1174 1474 ²

62 1519 208 1575 respuerat
221 1513 335 1578 caesar,
353 1514 403 1562 sed
414 1519 523 1574 postero
538 1509 582 1559 die
624 1511 755 1580 proelium
768 1521 894 1577 equestre
913 1515 1086 1566 commissum
1102 1515 1146 1567 di-

25 1614 27 1618 .
60 1585 94 1632 dc
108 1581 253 1644 postulatis
266 1589 357 1633 eorum
370 1595 401 1631 se
414 1580 583 1644 cogniturum
626 1584 742 1649 cenent,
769 1582 889 1632 iuniores
914 1588 1003 1635 autem
1023 1584 1147 1648 plerique

62 1661 127 1702 esse
147 1651 269 1716 dixerat,
293 1651 364 1702 houd
378 1649 458 1700 dubie
472 1650 502 1698 nt
515 1661 583 1699 cou-
623 1649 792 1702 interissent.
828 1651 916 1716 Atque
930 1653 1037 1704 illorum
1050 1662 1147 1704 sucto-

61 1728 209 1786 ctssurus,
239 1720 263 1770 si
282 1731 370 1782 aeque
389 1719 583 1780 postulassent.
625 1720 707 1770 ritate
725 1717 820 1770 Dionis
846 1719 936 1771 Cassii
962 1722 1083 1774 namatio
1100 1725 1146 1790 ³9,

62 1791 121 1841 iam
143 1799 210 1837 vero
229 1790 291 1840 dolo
311 1792 339 1838 et
356 1787 464 1837 insidiis
492 1798 584 1836 eorum
625 1787 662 1842 47
677 1801 716 1851 sq.
732 1789 848 1840 maiores
862 1798 927 1840 natu
940 1789 1088 1853 improbato
1100 1791 1148 1842 in·

35 1910 39 1918 ,
61 1857 216 1920 perspectis
243 1859 334 1908 nullus
359 1857 525 1909 conditiones
549 1855 584 1904 eb
625 1859 731 1908 nicrum
744 1854 818 1908 iacto
832 1861 1146 1912 contreeoru'mvolun-

61 1929 97 1996 iis
111 1926 301 1992 accipiendus,
323 1928 348 1975 lu.
362 1938 386 1975 e.
401 1926 585 2012 pidileorum,
628 1933 710 1977 tatem
738 1927 774 1976 ad
804 1924 951 1978 Gaesarem
984 1927 1148 1992 deprecandi

63 2008 135 2062 qnae
147 1996 186 2046 itu
198 1997 393 2059 postulassent,
408 1996 438 2043 ut
451 1994 486 2054 iis
498 1993 584 2054 impe·
627 2007 712 2052 conse
735 1995 847 2045 venisse
872 2003 900 2046 et
922 1997 1029 2059 culpam
1048 1997 1077 2048 ln
1096 2009 1147 2049 eos

63 2065 146 2116 tratis
165 2074 194 2114 et
214 2063 268 2126 ipsi
287 2063 439 2126 aliquidne
460 2063 584 2112 tacturos
627 2063 776 2115 contulisse
802 2065 936 2116 madentis
955 2067 1007 2117 uiti
1026 2066 1146 2118 vitietur.

56 2135 271 2198 pollicerentur,
294 2132 492 2182 concedendum
509 2129 584 2180 arbi-
618 2132 756 2184 catonem
784 2145 866 2201 vero,
897 2147 976 2198 quem
1003 2135 1147 2200 epplenus

64 2204 199 2254 trabatur.
223 2201 266 2252 ci.
281 2202 307 2269 5,
320 2201 354 2252 tt
372 2213 430 2250 non
442 2213 503 2251 ecee
515 2211 585 2248 con·
627 2202 699 2254 (dull.
715 2215 739 2252 c.
754 2200 787 2252 18
805 2209 833 2252 et
851 2205 997 2256 secundum
1012 2199 1149 2258 Turiostu

63 2273 246 2324 suetudinem
256 2271 356 2335 popuii
369 2270 494 2321 Romam·
504 2267 585 2319 dcci·
627 2273 776 2336 quendem,
800 2284 878 2334 quern
891 2272 1037 2325 Tanusinm
1051 2271 1149 2325 Gemi·

64 2355 138 2409 pere
158 2342 193 2392 ab
211 2341 293 2391 toste
310 2341 427 2390 armato
439 2339 584 2390 conditio·
626 2353 690 2392 num
710 2353 800 2392 rerum
816 2341 976 2403 scriptorem
989 2356 1007 2394 a
1020 2343 1149 2394 Suetonio

64 2424 140 2464 nem.
176 2410 236 2460 Air.
250 2410 286 2459 90
301 2410 419 2460 libentes
432 2409 584 2474 caputque
627 2410 680 2461 lul.
694 2420 719 2457 c.
730 2411 748 2458 9
761 2417 937 2462 memoratum
949 2419 1060 2479 putant,
1078 2411 1147 2463 Plu-

33 2502 35 2509 ·
63 2478 257 2534 conditionem
277 2480 462 2543 occeperunt.
505 2478 585 2539 llisp.
607 2540 609 2544 λ
628 2479 738 2530 tercium
752 2477 832 2526 caes.
847 2490 871 2527 c.
886 2482 920 2530 22
939 2481 1085 2531 liumaein
1100 2492 1149 2530 ses·

65 2554 101 2603 13
115 2562 147 2601 se
160 2547 338 2601 conditiones
350 2549 441 2611 dere,
462 2559 522 2596 non
535 2556 586 2596 oc·
625 2550 704 2608 netu,
721 2558 782 2594 cum
795 2546 908 2597 caesuri
921 2549 1085 2612 snpplicatio
1098 2549 1149 2601 tie-

64 2623 180 2687 ct'pere,
198 2617 389 2668 consuevisse.
584 2644 587 2650 ·
629 2615 804 2679 cerneretur,
832 2616 866 2666 ob
885 2618 1025 2678 perfidiam
1044 2617 1148 2668 deden-

118 2686 317 2747 urbitrumrtur]
348 2687 407 2735 lloc
426 2680 586 2743 imperfecto
629 2683 691 2732 dum
709 2694 770 2732 eom
791 2683 916 2734 turbans
934 2698 1019 2750 eoque
1038 2684 1148 2748 piaculo

65 2765 95 2810 et
116 2757 307 2821 sequentibus,
332 2751 496 2815 iudicabat,
518 2762 587 2799 een·
627 2751 821 2814 rempublicam
858 2765 945 2815 poena
976 2755 1148 2808 liberandum

62 2826 169 2892 tiebat,
194 2823 380 2876 continuabat
396 2832 450 2871 non
467 2819 545 2869 firmo
558 2824 586 2868 eo
629 2818 772 2886 censuisse
784 2823 905 2887 tradunt,
921 2822 1004 2875 etiam
1017 2823 1148 2877 caeseris

64 2905 199 2962 perpetus
217 2893 346 2944 (laesuris
365 2888 502 2942 sententia
531 2882 586 2959 (bit
629 2894 664 2940 ex'
677 2889 775 2939 litteris
788 2903 820 2940 re
833 2890 889 2959 ite',
910 2899 941 2942 ut
959 2892 988 2944 in
1006 2892 1149 2944 commen-

65 2964 126 3032 ieie
140 2963 194 3018 ont
208 2959 364 3026 uticiteote
377 2955 587 3028 iiebeqenquuq,
628 2956 700 3009 cerie
714 2958 817 3021 scripta
829 2969 887 3026 est,
911 2961 1020 3026 cognita
1035 2965 1149 3015 senon.

64 3029 524 3095 ntileumstsrltiusinterpretatur)
537 3026 587 3075 sed
627 3027 694 3079 tiam
714 3028 818 3079 dixisse
835 3031 870 3080 ab
890 3030 950 3081 eius
962 3030 1081 3084 moribus
1093 3041 1149 3085 nob

66 3102 214 3170 cogitatio,
236 3100 372 3164 quasillo
390 3095 494 3161 proelio
511 3097 587 3145 tecto
628 3097 733 3163 magis,
755 3110 834 3160 quam
848 3110 866 3150 o
879 3112 946 3153 sero
962 3100 1031 3152 illud
1048 3099 1149 3153 abbor-

66 3176 185 3226 mentem
205 3169 266 3220 eius
284 3167 451 3232 occupabat,
478 3171 506 3216 et
525 3163 587 3226 ipse
630 3175 689 3233 ret,
705 3168 775 3229 quod
789 3167 859 3220 idem
876 3168 1038 3222 Plutarchus
1053 3167 1149 3232 comp·

65 3243 164 3295 mentis
186 3239 258 3291 actio
278 3251 339 3289 cum
359 3246 495 3300 ternpore,
517 3233 589 3295 quod
630 3234 691 3286 Nic.
712 3243 741 3286 et
762 3234 859 3290 crassi
878 3236 938 3290 cl
958 3240 986 3289 et
1005 3237 1066 3289 Get.
1083 3238 1150 3291 min.

34 3342 36 3348 ι
66 3323 103 3363 ee
122 3310 265 3374 explebat,
293 3306 472 3371 significetur.
512 3303 589 3362 Quae
630 3316 655 3354 o.
675 3303 709 3355 ⁵1
731 3305 864 3373 ostendit,
888 3307 1050 3361 sententious
1071 3318 1150 3360 suan

67 3379 194 3444 quoniam
207 3389 261 3429 nou
273 3387 328 3428 una
342 3383 371 3426 et
383 3374 500 3436 simplex
518 3378 589 3434 eret,
631 3371 761 3424 catonem
785 3377 919 3436 probasse
942 3376 1052 3428 nemini.
1096 3374 1150 3428 (iul

68 3451 119 3501 sed
138 3449 173 3501 ad
194 3448 274 3510 plura
299 3445 469 3509 pertinebat,
498 3442 538 3490 ita
559 3447 589 3490 ut
632 3453 685 3493 non
705 3452 840 3508 repugnet
854 3446 924 3510 quod
938 3444 1152 3497 Suetoniuslul.

67 3521 159 3571 altere
173 3504 287 3568 sitirem
301 3513 488 3574 comitaretur,
507 3507 590 3560 eliam
632 3523 657 3560 c.
667 3508 703 3561 21
714 3515 865 3578 sennense
878 3513 906 3564 id
921 3513 1063 3566 censuisse
1077 3513 1151 3565 scri·

65 3580 483 3652 propteresimpsriectnmponi
494 3578 589 3646 potnit,
615 3578 681 3645 ,bit
714 3581 809 3643 ltaque
829 3594 865 3633 ne
878 3581 1024 3634 Gaesarem
1042 3582 1151 3648 quidem

66 3665 99 3708 nt
113 3669 139 3707 c.
154 3657 186 3704 11
204 3653 231 3714 S.
245 3656 271 3704 1.
632 3649 832 3702 excusationem
845 3651 914 3702 iacti
929 3661 1079 3718 quaerere,
1101 3652 1152 3704 sed

119 3723 205 3788 petite
217 3723 299 3788 pace]
315 3718 423 3770 licead
437 3713 532 3768 delict
545 3713 590 3767 lu·
630 3717 747 3782 ingenue
758 3720 876 3771 maiores
890 3728 956 3771 natu
975 3733 993 3774 a
1012 3731 1043 3770 se
1058 3723 1152 3773 reten-

69 3793 202 3846 sidlorum
231 3792 364 3842 rationem
398 3787 591 3840 declarandam
633 3795 677 3839 tos
694 3797 723 3837 et
741 3788 784 3838 ius
796 3790 947 3852 legatorum
957 3790 1154 3854 ,quodammodo

69 3864 198 3927 pertinet.
236 3859 335 3912 Petitio
353 3857 432 3922 pacis
449 3857 591 3923 effecerat,
633 3855 764 3908 violatum
775 3857 859 3909 fateri
872 3872 925 3910 non
940 3851 1000 3926 e’st,
1016 3860 1088 3922 qnod
1098 3855 1154 3909 mi·

71 3935 102 3983 ut
115 3930 221 3994 equites
233 3928 363 3980 caesuris
373 3925 442 3977 nibil
455 3925 591 3991 timerent,
632 3938 740 3993 remur,
770 3927 870 3994 qnippe
889 3924 936 3993 qui
953 3940 1005 3981 nec
1022 3927 1077 3979 sibl
1099 3938 1153 3978 nee

69 4001 152 4065 idque
171 3999 214 4050 llli
231 3998 291 4048 eius
312 3996 354 4048 rei
375 4005 477 4057 causa,
500 4001 529 4044 ut
545 3994 591 4044 in-
634 3993 734 4044 ceteris
754 3996 876 4047 omnibus
895 3996 1052 4063 quicquam,
1083 3996 1154 4057 quoti

70 4079 167 4123 centos
182 4067 376 4131 opprimerent,
393 4063 506 4125 petiisse
519 4061 592 4126 Gne·
634 4063 810 4117 excusatione
839 4074 949 4137 egeret,
982 4062 1154 4117 conmisisse

71 4138 317 4211 surivldebautur.
351 4135 483 4219 {iniusso
497 4131 592 4196 lintpe-
636 4132 787 4186 videretur.
848 4185 857 4195 ,
901 4200 947 4267 22
