2572 4688
354 269 493 345 ssa.
519 269 590 347 us
632 268 821 390 cauas
938 206 966 395 ¹²
1013 320 1014 325 a
1077 275 1147 350 aa·

61 484 139 533 aum
159 461 276 543 ianas,
294 461 354 550 qui
374 467 547 529 antemnas
559 460 604 529 ud
619 464 726 531 mulos
741 461 973 547 destinabant,
991 485 1145 555 compre«

60 550 160 620 hersi
180 539 384 637 adduntque
405 558 520 632 erant,
534 551 677 637 fnerigio
693 552 796 618 remis
810 552 948 619 incitato
966 574 1143 640 praerum·
1239 635 1240 643 ἵ

59 641 240 731 peliuntur.
309 637 444 724 Quibus
466 636 610 705 abscisis
630 645 804 705 antemnae
823 641 1012 707 necessario
1029 643 1182 717 penei-'7
1205 717 1207 722 ,

60 727 207 809 debant,
227 729 284 809 ut,
308 746 384 794 cum
403 725 512 806 omnis
528 723 671 795 Gallicis
686 725 829 796 nimbus
841 722 923 819 spes
935 729 971 796 in
985 729 1070 800 velis
1087 748 1147 798 ure

130 911 159 974 s.
172 915 199 964 6.
234 911 268 965 ed
284 912 385 973 nidos]
407 924 459 964 on.
475 909 557 965 viad.
572 914 608 965 A.
978 946 982 952 ,

131 981 317 1041 destinabunt]
340 984 368 1033 S.
385 982 463 1034 Leid.
480 982 537 1032 AG.
555 983 622 1035 Per.
638 981 670 1034 Β.
685 981 766 1034 Vret·
784 981 815 1031 ii.
829 983 871 1032 ed.
884 979 939 1035 iub.
962 981 1144 1039 aurasiae

96 1051 172 1103 Gott.
190 1063 244 1101 sec.
259 1050 341 1100 liebr.
355 1051 435 1103 Vret.
447 1052 481 1103 Α.
494 1051 576 1103 Viud.
588 1054 623 1104 A.
636 1051 733 1103 ilemb.
754 1050 920 1104 detinebant
934 1051 1019 1103 voss.
1035 1055 1070 1103 tt.
1087 1061 1144 1117 „et

95 1119 263 1172 recentiores
270 1115 290 1147 ‘⁶
307 1117 386 1172 cerr.
401 1121 461 1172 eod.
479 1119 583 1171 turris.
601 1120 650 1170 Dr.
665 1121 695 1168 ii.
713 1120 792 1171 tietb.
810 1121 844 1170 A·
859 1120 939 1171 viad.
957 1120 1028 1174 ciii.
1052 1121 1142 1174 disti·

94 1191 201 1240 nebant
224 1187 335 1256 „ceteri
358 1190 435 1239 MSS·
456 1189 575 1252 potiores
590 1200 651 1240 cum
668 1187 908 1251 edd.p1srisqae“
924 1190 1004 1256 Bong.
1023 1191 1058 1240 A.
1075 1192 1141 1246 Per.

93 1260 129 1309 A.
147 1259 219 1309 Her.
235 1260 270 1307 A·
291 1258 338 1307 Dr.
356 1259 389 1307 Δ.
403 1258 484 1308 Vret.
495 1257 525 1307 0.
544 1257 623 1310 dun.
640 1258 669 1307 rt
685 1258 823 1310 eddante
837 1258 878 1307 la.
892 1260 921 1308 et
934 1258 1034 1309 iireev.
1059 1260 1140 1312 liene

94 1339 201 1379 omnem
225 1324 387 1377 varietatem
408 1327 562 1378 errantibus
585 1323 649 1377 eliis
673 1325 755 1394 aliter
777 1325 913 1393 librariis,
937 1339 1141 1391 mangenarum

94 1394 249 1447 diversitati
270 1394 390 1445 codicum
407 1395 499 1446 deberi
515 1393 687 1446 manifestum
708 1402 759 1444 est.
793 1395 913 1447 Similem
929 1396 1014 1446 babes
1037 1396 1099 1447 civ.
1112 1399 1142 1463 t,

74 1516 77 1521 ,
94 1464 130 1519 25
152 1465 181 1514 in
201 1462 296 1512 verbis
318 1462 370 1513 bns
386 1465 493 1525 (rates)
517 1463 667 1528 quaternis
682 1462 799 1514 ancoris
815 1477 853 1515 ec
870 1467 1011 1528 quattuor
1025 1465 1143 1532 anqrsiis

95 1531 277 1595 destinabat,
300 1534 381 1594 panio
399 1531 525 1584 minorem
548 1535 583 1601 7,
597 1535 632 1583 22
652 1545 720 1582 nom
736 1534 766 1584 et
782 1533 892 1598 laqueis
909 1535 1002 1601 falces
1019 1538 1141 1588 averte·

93 1603 179 1668 bont,
202 1613 272 1666 qaas
289 1613 354 1651 oum
368 1603 607 1667 destinauerunt,
624 1601 779 1653 tormentis
792 1602 942 1654 introrsus
953 1604 1141 1670 reducebant,

92 1673 198 1723 auitam
223 1680 289 1719 vero
311 1671 371 1721 dir.
392 1672 430 1722 88
454 1683 578 1736 quornm
599 1681 664 1720 cam
685 1673 802 1734 partem
825 1672 988 1738 assentire,
1021 1676 1140 1735 purtem

93 1740 221 1792 onmium
238 1740 415 1804 mentemque
431 1741 626 1804 perterritam
643 1741 731 1804 utque
741 1740 772 1790 iu
785 1742 886 1807 fuqom
895 1740 1073 1793 destinatum
1083 1742 1139 1793 ba·

92 1809 160 1861 bere
184 1808 394 1873 intellexisset,
424 1822 476 1870 quo
503 1810 562 1858 ioco
580 1809 729 1859 destinare
745 1817 776 1860 ub
792 1809 906 1871 reliquis
920 1809 1075 1877 proprian,
1097 1812 1139 1865 its

92 1877 307 1942 metaphoricam
326 1876 404 1927 verbi
422 1877 547 1941 deriqere
564 1875 788 1939 significationem
806 1879 895 1930 hebet.
1164 1896 1165 1903 ¹

128 1948 399 2011 praerumpebaatar]
421 1946 686 2011 prorumpebantar
701 1945 779 1998 usia.
789 1948 825 1997 Α.
837 1945 921 1998 Vind.
935 1946 970 1996 Α.
986 1952 1015 1998 et
1030 1945 1140 2011 quidam

93 2016 278 2076 Perisienses.
301 2025 451 2081 perrump.
467 2017 532 2067 VV.
556 2015 610 2066 00.
628 2016 693 2065 Vre.
710 2013 739 2065 in
762 2017 825 2066 Nat.
848 2014 1067 2069 uov.v1ad.u.
1089 2015 1139 2080 arii

93 2083 198 2137 Puriss.
221 2086 251 2135 et
272 2097 327 2134 sec.
349 2085 417 2135 (iad.
434 2086 476 2135 ed·
498 2085 576 2137 Rom.
600 2084 701 2135 liudem
722 2085 785 2135 eret
800 2085 946 2136 secundum
962 2081 1095 2137 vesiana
1109 2086 1140 2138 iu

92 2155 205 2205 Emend.
229 2152 331 2204 literni
354 2152 513 2221 emendatio.
546 2153 600 2203 sed
623 2153 725 2215 optime
747 2155 792 2203 est
813 2152 943 2220 vulgate,
965 2163 1026 2205 eum
1042 2162 1140 2217 ruptu-

92 2221 344 2288 marigniacum,
369 2234 439 2285 quae
453 2222 615 2284 inaddaotu
631 2228 659 2270 et
676 2228 814 2286 protractu
833 2221 906 2274 inuis
923 2223 1000 2284 parte
1018 2221 1107 2274 deret.

76 2344 79 2349 ,
128 2291 156 2352 S.
169 2293 195 2344 7.
229 2289 362 2350 abscisis]
383 2289 526 2354 praecisis
542 2292 606 2342 VV.
623 2285 678 2341 00.
699 2292 766 2343 vra.
782 2291 811 2340 iu
828 2291 889 2342 Not.
910 2291 985 2342 Leid.
1003 2290 1037 2340 A·
1054 2291 1139 2344 vind.

45 2382 46 2389 κ
91 2361 130 2411 Α.
146 2360 219 2411 liar.
235 2363 269 2411 A.
293 2359 338 2410 flio
357 2363 438 2421 paulo
455 2368 520 2412 ants
537 2361 689 2417 deuectam
704 2358 834 2424 scriptori
851 2360 981 2413 redditur.
1004 2359 1140 2415 obtensis

91 2429 135 2480 st.
151 2429 200 2482 tir.
216 2430 242 2480 b.
259 2430 337 2481 iurr.
354 2429 454 2482 Graes.
471 2430 543 2482 Dav.
560 2426 605 2481 01.

56 2607 119 2648 mm
136 2602 240 2660 partem
257 2592 328 2645 mari
344 2595 483 2645 trahentes
498 2606 578 2647 asse-
620 2591 731 2644 eminus
749 2591 890 2643 rudentes
916 2591 1063 2646 subductis
1085 2593 1140 2647 ba·

55 2677 128 2728 rem,
141 2663 330 2728 perfregerint.
349 2664 438 2713 Aliter
445 2664 578 2727 vegetius
619 2661 732 2712 utilibus
737 2671 793 2724 per
806 2662 906 2726 funem
919 2664 1025 2730 falcem
1035 2665 1141 2715 retro-

57 2731 138 2798 4,st
150 2734 308 2783 testudinem
322 2731 487 2783 intrinsecus
500 2731 577 2784 ecti—
619 2730 711 2781 bando
729 2730 920 2781 succiderent.
961 2734 1038 2792 Quae
1059 2731 1140 2796 quast

55 2802 348 2866 persuasissent,
374 2813 449 2865 quae
464 2803 577 2853 manco
619 2801 654 2851 ed
680 2799 869 2849 illustrandam
892 2797 1022 2850 Caesaris
1047 2801 1138 2852 locam
1187 2846 1189 2857 ,

56 2867 236 2937 prustiqitur
256 2872 342 2936 ferro
364 2873 393 2922 et
408 2872 475 2939 fatu
488 2883 576 2921 eoca—
618 2869 758 2920 nonmodo
769 2869 977 2919 abitatomeuuu
991 2869 1019 2919 in
1031 2881 1140 2936 comm,

13 2955 18 2962 ·
56 2942 116 2994 tur
126 2939 161 2990 ab
173 2952 224 3006 eo,
242 2940 317 3004 quod
328 2938 451 2990 incuruo
464 2942 523 3003 eet,
540 2941 581 2991 ut
622 2938 672 2987 sed
683 2936 765 2989 etiem
779 2937 942 2987 esebeffero
955 2939 989 2988 de
1003 2939 1061 2990 Mil.
1074 2952 1140 2990 nav.

55 3009 102 3061 de
131 3020 237 3059 maro
268 3009 455 3060 eatrabat
481 3008 580 3072 tani·
621 3009 655 3072 2,
679 3006 699 3060 7
723 3020 748 3068 p.
767 3008 819 3056 163
842 3005 919 3057 iuxta
939 3005 1029 3068 posite
1046 3008 1141 3059 miror.

55 3074 133 3130 des.
167 3079 221 3128 {ed
236 3077 313 3126 buius
325 3089 358 3127 eo
371 3079 505 3129 Livianae
524 3078 580 3128 iai·
621 3078 680 3125 Neo
701 3073 811 3137 Lipsius
831 3074 947 3126 Polione.
962 3075 994 3141 5,
1011 3076 1029 3126 8
1046 3091 1071 3138 p.
1087 3074 1141 3128 205

55 3146 101 3197 eis
129 3144 286 3197 differentia
315 3147 349 3197 ad
376 3160 454 3197 usum
479 3145 579 3212 potius,
621 3144 650 3195 in
662 3145 715 3193 inec
727 3156 759 3196 re
771 3143 942 3195 dilucidanda
956 3155 1007 3196 sue
1022 3143 1140 3209 diligen-

57 3226 141 3280 quem
167 3217 202 3267 ad
220 3217 334 3265 formam
360 3224 388 3266 et
414 3223 580 3266 structuram
621 3212 663 3264 tia
681 3224 749 3263 usus
767 3211 884 3263 videtur.
919 3214 1010 3263 Funes
1032 3214 1140 3278 quidem

55 3284 191 3348 pertinet,
215 3297 284 3346 quae
297 3283 436 3347 utriusque
450 3282 519 3334 baud
532 3296 579 3334 se·
620 3281 690 3332 istos
704 3295 739 3331 ne
751 3280 885 3346 vegetius
901 3280 1053 3344 quidem-iu
1065 3283 1140 3335 iulos

31 3410 34 3418 Ι
55 3364 111 3403 cas
133 3359 214 3417 atque
234 3352 419 3403 caesarianae
442 3351 581 3405 simillima
620 3350 715 3402 navali
726 3350 819 3417 novit,
836 3361 916 3412 quem
932 3348 964 3417 ⁵,
982 3347 1016 3402 15
1033 3350 1074 3402 sic
1089 3354 1140 3405 de·
1234 3399 1239 3417 Ι

55 3422 148 3473 faisse
162 3422 270 3472 videtur
282 3424 385 3474 tornae
398 3435 499 3486 eamn,
518 3421 579 3484 qui·
620 3418 733 3469 scribit:
750 3419 827 3470 Fata
839 3421 937 3470 autem
949 3418 1140 3472 dicitaracu·

57 3491 112 3540 bus
130 3501 181 3540 uos
201 3491 228 3539 in
247 3490 424 3553 reprimendis
445 3490 578 3540 incendiis
620 3488 765 3540 tissimum
787 3490 905 3555 ferram
925 3491 1080 3541 curvatum
1100 3488 1140 3542 ad

56 3559 168 3624 utimur,
180 3571 250 3623 ques
262 3552 514 3626 vargiacensibus
527 3571 578 3609 vo-
619 3556 837 3609 simititudinem
851 3557 954 3623 suem,
977 3561 1054 3622 quod
1069 3572 1139 3610 con-

56 3631 165 3683 centus·
205 3629 286 3678 Nullo
306 3638 396 3680 eutem
414 3632 578 3679 modocon-
620 3628 659 3678 tis
685 3626 860 3691 turpioribus
885 3625 1009 3677 inditum
1028 3630 1140 3679 cuato-

56 3696 150 3750 cilieri
163 3709 224 3747 eum
238 3696 367 3747 caeseris
381 3698 475 3748 verbis
487 3695 579 3748 orosii
619 3695 682 3747 rios
695 3697 800 3761 sanes,
820 3693 920 3759 quibus
930 3697 1058 3747 antenna
1072 3710 1140 3747 sus·

56 3766 206 3828 descriptio
217 3768 306 3826 potest
318 3767 400 3817 Bruto
412 3770 462 3818 boc
474 3766 577 3827 auxilio
618 3765 768 3830 penditur,
786 3765 906 3827 repente
918 3765 1066 3829 praecidit
1078 3768 1140 3816 coi·

57 3835 150 3886 tuisse
162 3833 295 3887 tradentis
312 3837 361 3903 (b,
378 3835 412 3895 8)
429 3836 504 3901 qnod
516 3836 578 3903 snt·
619 3833 765 3897 tonsisque
777 3833 847 3883 ostis
859 3833 1016 3884 liburnam
1023 3834 1139 3902 piqrio-

55 3915 105 3956 ces
117 3902 300 3956 acutissimas
312 3917 370 3954 non
381 3904 578 3968 pertinaciter
620 3915 684 3955 rent
695 3904 725 3953 et
736 3902 869 3954 inutilem
882 3902 990 3954 reddit.
1152 3904 1155 3910 '

55 3974 153 4025 contis
163 3970 331 4040 praefices,
351 3974 467 4039 fundus
479 3977 578 4027 autem
671 3968 699 4029 s.
712 3973 738 4020 b.
771 3971 945 4033 adductique]
971 3970 1015 4022 ct
1033 3969 1160 4024 Lucani,

54 4043 201 4096 submaas
236 4045 418 4104 paraveram
467 4043 577 4109 quibus,
619 4042 654 4106 3,
677 4040 733 4093 700
756 4040 923 4091 Adductum.
943 4041 1055 4104 quoties
1080 4055 1140 4094 non

53 4123 127 4172 cnm,
151 4120 224 4179 obas
253 4113 345 4182 esset,
381 4111 577 4179 adprebensos
618 4109 875 4164 remansuram
889 4111 1000 4175 runem

883 4179 928 4244 17
