2572 4688
374 275 483 353 ulit.
510 274 598 348 iiii.
639 272 765 348 cnr,
789 275 837 345 2i
887 358 889 362 ¹
1060 210 1147 351 ι383

55 466 150 559 quod
172 487 274 536 neves
293 472 435 557 propter
453 462 721 574 magnitudinem
744 465 814 572 nisi
832 465 867 533 in
887 466 961 572 nito
974 464 1147 572 ,eeneii-tui

55 581 125 625 '¹⁰¹¹
138 556 528 729 iitiiiitbiitt
547 553 1148 711 titt.ittii¹i⁰'⁸i.:.i¹‘:iiii

56 668 159 800 3³:3¹0
179 732 321 798 navibus
335 729 558 798 desiliendum
573 740 609 797 et
624 734 658 798 in
670 730 831 798 fluetibus
847 665 1097 797 eoffiintsndum
1111 737 1147 797 ot

56 842 134 889 eum
153 820 311 887 hostibus
331 825 407 885 eret
427 817 662 908 pugnandum,
732 840 822 885 oumv
836 819 890 885 illi
910 825 969 884 eut
990 840 1030 927 ex
1050 816 1147 886 arido
1168 817 1190 878 3

126 996 155 1060 s.
172 998 199 1048 2.
232 1008 315 1047 onere
331 993 479 1062 armerum]
512 1009 541 1049 a.
558 1009 585 1048 o.
603 992 682 1047 Leid.
700 997 734 1046 A.
748 994 817 1047 0ud.
835 989 1148 1063 „qnodeon01nnius.“

93 1067 132 1117 Ae
148 1067 219 1116 idem
237 1066 369 1130 debilius,
387 1079 448 1116 eum
466 1068 495 1115 ih
511 1066 598 1116 medio
616 1066 734 1130 positum
750 1077 846 1116 nomen
860 1065 1013 1115 delitescet
1038 1060 1083 1115 ci.
1098 1076 1147 1114 sn-

91 1147 145 1198 pro
163 1148 189 1187 e.
204 1138 239 1184 22
257 1133 283 1194 S.
299 1139 316 1183 2
330 1143 358 1185 et
370 1136 405 1199 3,
424 1138 458 1186 13
475 1133 532 1194 §.6
551 1137 626 1200 quod
639 1138 738 1187 tentos
755 1136 941 1198 tempestates
959 1133 1064 1184 oceani
1079 1135 1148 1184 ton-

93 1207 197 1269 tosoue
213 1205 338 1268 impetus
354 1207 510 1255 ventorum
523 1204 665 1257 sustineri
683 1217 718 1255 ee
734 1205 819 1255 tanta
837 1215 929 1254 onero
945 1203 1064 1252 nenium
1081 1201 1148 1268 νομί

92 1275 166 1325 uelis
181 1287 240 1323 uon
255 1274 330 1325 sotis
346 1275 490 1325 commode
501 1287 584 1338 posse
598 1273 831 1326 arbitrabantur.
866 1273 907 1322 ib.
927 1269 961 1322 14
977 1271 1005 1333 s.
1024 1275 1040 1321 2
1056 1271 1147 1323 otrei-

91 1346 144 1396 ter
167 1355 261 1394 ccxx.
277 1354 366 1393 noves
385 1356 487 1394 eorum
501 1343 707 1409 paratisstmee
723 1343 813 1408 atque
829 1340 907 1393 omut
924 1353 1030 1406 perere
1046 1351 1146 1394 ormo-
1205 1399 1208 1405 ¹

92 1424 162 1467 rum
178 1411 391 1473 ornatissimae.
1023 1465 1028 1480 ⁸

127 1480 281 1544 oppressis]
315 1480 480 1550 expressis,
496 1491 515 1532 a
531 1492 569 1532 m.
585 1493 610 1530 s.
628 1476 729 1547 oppa,
745 1480 831 1532 Voss.
843 1480 877 1529 A.
894 1488 950 1527 see.
965 1476 1047 1528 Febr.
1061 1488 1149 1541 pres·

93 1548 136 1602 sis
153 1553 226 1601 llav.
243 1552 277 1599 A.
295 1551 376 1600 Viud.
389 1554 423 1600 A.
441 1562 537 1612 margo
559 1552 639 1600 Goth.
657 1551 687 1598 it
705 1551 769 1600 hid.
788 1551 816 1598 et
832 1562 891 1611 sqq.
908 1559 995 1608 usque
1013 1550 1048 1598 ad
1068 1548 1147 1613 (iud,
1169 1572 1171 1583 v

92 1620 143 1684 qui
168 1617 274 1670 Ciarhii
298 1619 427 1669 iudicium
450 1621 612 1685 oppressis,
636 1620 706 1683 qnod
722 1619 753 1669 in
769 1619 845 1668 MSS.
864 1617 917 1681 sit,
936 1617 1018 1664 simui
1034 1616 1148 1679 elegen-

93 1690 150 1740 tins
167 1701 231 1738 esse
248 1688 449 1750 pronuntiantis
467 1697 580 1739 secutus
597 1691 626 1739 et
653 1700 764 1737 suorum
788 1699 892 1748 quoque
910 1685 1032 1734 codicum
1049 1688 1148 1738 aucto-

93 1758 177 1810 ritate
200 1760 289 1808 motus
313 1759 363 1808 hoe
387 1757 518 1808 restituit.
551 1757 712 1820 Elegantius
729 1769 783 1807 non
801 1754 932 1820 dixerim,
958 1755 1006 1802 sed
1023 1754 1148 1816 gravius.

94 1830 134 1879 At
150 1826 232 1876 nimis
248 1828 369 1878 fortasse
387 1840 490 1894 grave,
514 1826 678 1889 praesertim
696 1838 757 1876 eum
774 1825 904 1874 Romanis
922 1822 1052 1872 militibus
1071 1835 1149 1874 arma

93 1896 221 1961 muts
243 1895 341 1957 gravio
364 1909 416 1945 usu
440 1898 468 1945 et
491 1895 686 1947 exercitatione
710 1895 813 1944 nuliam
836 1895 871 1942 ad
895 1893 1036 1942 terendum
1059 1894 1148 1943 mole·

94 1964 177 2015 stiam
196 1965 351 2014 exhibuisse
368 1966 492 2030 constet,
510 1964 539 2014 hi
554 1977 624 2015 vero
641 1961 772 2029 oppressi
788 1973 842 2011 non
853 1961 1006 2011 ¹uideantur
1022 1962 1148 2025 desilire,

94 2034 263 2097 consistere,
277 2045 399 2096 pugnare
420 2035 559 2099 potuisse,
575 2046 645 2097 qnae
661 2042 752 2083 tamen
767 2031 858 2081 omnio
873 2031 993 2095 fecisse,
1015 2031 1068 2080 etsi
1086 2044 1149 2082 eum

94 2115 200 2154 summa
217 2103 394 2169 difficultate,
411 2103 548 2153 statuendi
566 2110 639 2154 sunt.
673 2099 790 2153 Accedit
806 2101 876 2163 quod
894 2099 941 2162 qui
957 2101 1088 2162 oppressi
1104 2100 1149 2151 di-

95 2180 211 2239 cuntur,
236 2172 296 2221 iere
319 2171 434 2235 perituri
458 2179 538 2239 sunt,
563 2175 593 2222 ut
618 2183 702 2233 supra
725 2183 751 2231 e,
776 2168 810 2220 15
834 2168 862 2228 S.
885 2171 902 2218 2
925 2175 954 2219 et
970 2171 1004 2231 7,
1021 2170 1057 2221 50
1074 2170 1102 2232 S.
1119 2167 1148 2220 4.

95 2242 193 2304 Itaque
210 2240 343 2309 pressis,
355 2243 424 2304 qinod
442 2249 470 2291 et
486 2243 688 2303 metaphrastes
704 2239 809 2304 legisse
823 2238 948 2304 videtur,
964 2238 1009 2301 qui
1026 2233 1150 2304 κάμνου-

96 2327 125 2361 σι
140 2311 246 2372 posuit,
268 2313 297 2361 et
314 2311 402 2361 Aldus
418 2312 492 2362 hand
508 2311 589 2362 dubie
605 2310 637 2360 in
653 2310 747 2360 codiee
766 2307 887 2373 invenit,
904 2305 1012 2357 minime
1029 2307 1150 2370 ineptum

95 2382 150 2428 est.
183 2379 274 2431 Nihilo
297 2380 387 2430 minus
411 2381 481 2444 quod
507 2379 617 2431 codiees
642 2379 791 2443 praebent,
819 2377 962 2435 tenendum
985 2378 1014 2426 et
1037 2376 1149 2440 proprie

94 2448 198 2498 dietum
221 2449 385 2511 putandum,
410 2451 547 2510 utsupra
570 2460 668 2511 aquam
692 2457 833 2509 emergere
856 2444 970 2494 difficile
993 2444 1035 2495 eis
1059 2446 1150 2498 tuisse

84 2517 285 2583 ‚significatum
304 2523 332 2565 et
348 2518 383 2566 od
399 2515 466 2566 iliud
482 2515 600 2568 maxime
619 2525 739 2580 tempus,
756 2527 818 2565 eom
835 2514 869 2562 de
886 2512 1005 2565 navibus
1018 2514 1150 2566 desiluis-

95 2592 176 2651 sent,
193 2584 368 2635 reterendum
384 2583 501 2634 videtur.

132 2657 161 2704 st
177 2651 224 2718 de]
260 2664 276 2704 e
293 2652 376 2703 vind.
390 2654 426 2713 Α.
443 2655 474 2703 et
490 2652 556 2704 VV.
573 2646 629 2701 CC.
645 2650 714 2702 Vrs.
727 2648 756 2700 in
769 2651 830 2700 Not.
847 2660 951 2714 „mens
963 2646 1062 2699 iiber“
1078 2644 1150 2704 id'em

96 2720 128 2774 in
150 2716 261 2772 Emend.
285 2721 313 2771 s.
331 2721 404 2772 liev-
421 2720 457 2771 A.
474 2721 542 2773 Par.
607 2719 683 2783 Lips.
701 2720 742 2770 iu.
760 2718 863 2770 Graev-
881 2721 911 2769 et
929 2731 995 2769 eum
1013 2721 1150 2782 (proxime

97 2791 224 2855 sequenti
246 2801 312 2841 mem
330 2790 447 2850 omisso)
472 2790 520 2842 Lei
619 2791 673 2839 'ier
699 2788 826 2851 deinceps
843 2788 959 2851 positam
975 2790 1006 2840 et
1024 2790 1152 2865 partien—

96 2863 154 2912 lem
172 2859 291 2910 vidimus
307 2862 341 2927 2,
360 2862 395 2911 19
411 2859 438 2920 s.
455 2863 473 2912 6
495 2860 610 2911 eandem
627 2870 690 2910 enm
713 2858 800 2909 simut
823 2857 995 2910 coniunctam
1018 2859 1099 2911 hebet
1121 2861 1151 2928 ⁷,

97 2928 135 2982 48
151 2929 237 2981 simut
253 2930 284 2982 et
300 2940 391 2980 eursu
407 2931 438 2981 et
453 2930 549 2994 spatio
564 2941 678 2994 popone
695 2926 870 2997 defottpett,
894 2940 973 2988 duem
989 2928 1077 2978 iocum
1094 2941 1151 2980 erno

97 3012 166 3049 eum⁴
184 3003 235 3050 hoe
260 2998 381 3050 adhibuit
404 3000 474 3051 ond.
497 3000 664 3049 adsueton.
690 2998 745 3050 ini.
767 3010 791 3048 e.
810 2999 854 3049 67.
888 2992 1015 3046 Ceterum
1032 3007 1048 3047 e
1064 3009 1151 3062 oeque

97 3068 197 3119 bonum
214 3080 249 3120 oo
266 3069 312 3121 de.
348 3068 424 3120 Idem
440 3068 470 3120 in
486 3067 551 3120 eliis
569 3066 690 3135 eiusdem
706 3065 818 3133 generis
834 3064 914 3117 libris
930 3064 1020 3118 tuisse
1031 3067 1061 3117 et
1072 3066 1151 3120 exei-

97 3137 172 3189 disse
190 3146 303 3206 propter
318 3137 493 3204 exiguitatem
511 3130 630 3189 videtur.

116 3306 144 3368 S.
158 3312 187 3358 2.
222 3317 333 3373 propter
357 3305 586 3379 magnitudinem]
628 3307 704 3373 rom]
737 3305 878 3374 illapsum
899 3317 954 3359 uon
973 3306 1010 3377 ad
1031 3306 1149 3374 pondus,

66 3389 138 3440 quoe
163 3378 327 3441 impediebat
359 3390 412 3498 (ὶυο
436 3379 526 3430 minus
553 3392 588 3432 eo
629 3379 680 3429 sed
698 3377 735 3428 od
755 3377 884 3428 ambitum
910 3388 1001 3428 rerum
1022 3378 1151 3430 reteren-

66 3459 153 3509 nsque
173 3450 361 3509 appellerentu
385 3480 394 3516 ,
418 3457 470 3509 qno
490 3447 587 3501 miiiti—
629 3449 694 3498 dum
707 3445 834 3505 videtur,
858 3444 902 3509 qni
920 3445 1015 3508 ntique
1027 3447 1112 3499 etiem
1124 3445 1151 3499 si

66 3517 134 3580 bus,
152 3515 177 3565 ei
189 3518 384 3585 desiluissent,
401 3518 481 3570 iocus
493 3516 588 3572 eonsi-
629 3528 677 3567 res
690 3515 809 3567 leviores
824 3522 933 3579 essent,
956 3515 986 3567 in
1004 3527 1075 3579 eque
1088 3528 1150 3569 mo-

65 3583 157 3635 steudi
170 3587 256 3636 esset.
630 3583 684 3636 iori
697 3584 885 3648 impedimento
903 3587 978 3648 erat,
1001 3595 1083 3648 quom
1096 3584 1151 3638 mi·

119 3665 172 3702 non
185 3655 323 3716 poterant]
340 3652 394 3716 Qui
405 3654 515 3717 plenius
528 3656 555 3705 h.
565 3655 587 3705 i.
629 3664 681 3706 nor
692 3654 850 3718 gravimum
868 3655 977 3711 tuturus
989 3653 1099 3706 diisset.

67 3720 279 3787 interpuugunt,
305 3735 453 3777 causarum
465 3734 589 3776 summae
682 3723 810 3775 simulet
830 3744 865 3759 -
886 3725 947 3775 erat
960 3721 1150 3789 pugrinndnm]

67 3790 239 3843 dffbeuiunis
247 3793 475 3846 enumerationem
482 3793 589 3846 insom-
631 3792 709 3844 iieee
727 3791 784 3844 tria
801 3790 900 3858 ebed,
923 3795 950 3844 h.
964 3803 992 3840 e.
1011 3804 1066 3843 nno
1079 3801 1149 3844 tenu

66 3861 144 3910 mode
156 3860 363 3924 interrumpunt.
385 3862 457 3915 Item
468 3861 516 3928 qui
526 3863 590 3927 post
630 3874 698 3927 pore
716 3862 752 3915 eb
771 3861 885 3927 iisdem,
908 3861 953 3926 agi
964 3863 993 3912 et
1006 3861 1080 3929 ethei
1095 3866 1160 3914 non'

10 3984 23 4007 .
68 3931 137 3981 erut
153 3932 350 3996 pupnondum.
631 3933 758 3998 poterent
779 3934 808 3982 et
826 3933 916 3983 temen
934 3932 1013 3982 emut
1031 3933 1149 3999 mentis,

120 3997 222 4061 ignotis
239 3999 324 4062 loeis]
357 3996 403 4052 Gt.
418 4001 483 4054 odn.
504 4001 541 4054 ed
559 4002 589 4070 2,
631 4014 668 4052 ex
687 4015 741 4065 quo
762 4013 892 4052 summam
911 3999 1101 4053 dhuemutem
1120 4004 1151 4052 et

67 4065 87 4117 8
103 4065 132 4129 s.
148 4070 176 4119 2.
456 4074 459 4078 ’
631 4068 829 4133 iniquissimam
847 4069 1026 4123 conditionem
1039 4069 1150 4125 illorum

119 4149 219 4203 magno
238 4140 266 4188 et
291 4136 375 4204 gravi
393 4148 478 4193 onore
495 4149 588 4195 arno·
632 4140 722 4193 tuisse
750 4137 922 4206 inuiiigbm.
974 4139 1021 4193 ct.
1045 4142 1082 4212 2,
1097 4138 1149 4219 20
