2572 4688
418 260 523 340 tiu.
554 262 587 337 1.
630 258 754 337 GAP.
781 264 802 335 l
926 310 935 323 ,.
1126 272 1150 342 3

50 455 164 538 dunt,
185 452 279 543 quod
296 453 369 523 iera
383 453 565 521 cotidianis
577 453 718 542 proeliis
731 476 807 521 cnm
821 453 999 526 Germanis
1012 465 1150 531 conten·-

50 544 163 625 duut,
191 564 269 614 curn
290 547 352 609 aut
369 542 442 609 suis
462 542 587 609 finibus
599 564 658 609 eos
671 543 867 630 prohibent,
886 552 949 611 ant
961 546 1029 637 ipsi
1041 550 1075 615 iu
1090 564 1148 618 co'·

52 654 134 700 runi
148 631 273 708 fluibus
289 631 416 697 nonum
431 636 562 715 gerunt.
627 629 752 699 Eorum
766 650 934 720 unapars,
953 656 1054 722 qnam
1065 637 1191 714 Gal-i
1254 660 1257 665 ’

53 721 111 789 los
127 718 284 789 obtinere
297 717 424 787 dicum
435 725 509 802 ast,
528 717 664 786 initium
679 718 771 810 capit
785 740 806 787 n
819 719 955 788 flumina
967 722 1151 820 Rhodanus,

128 939 288 1004 cotidianis]
314 939 492 1009 quotidianis
509 939 577 993 (iud.
593 939 751 1005 Quintiliani
771 940 803 1010 1,
819 944 854 1003 7,
871 943 890 992 6
916 945 1072 1002 auctoritati
1088 955 1150 1007 suf.

91 1013 269 1077 “agentibus
287 1012 425 1062 codicibus
441 1013 524 1074 Bong.
543 1014 577 1061 A.
597 1019 627 1061 et
644 1012 724 1062 vind.
742 1013 776 1063 A.
802 1012 863 1075 (qui
884 1020 974 1066 umen
991 1017 1051 1069 fere
1066 1026 1150 1095 nott,

90 1087 126 1134 ιιι
143 1083 191 1132 ille
207 1082 358 1145 interdurn,
385 1081 507 1140 exhibet]
524 1082 760 1142 ootenperanoum
778 1083 930 1133 videbatur.
964 1088 1106 1142 Accedunt
1122 1095 1149 1143 li.

90 1152 112 1204 l.
135 1152 215 1202 Vrat.
238 1150 320 1200 Aci).
341 1152 423 1199 Bonn.
441 1149 493 1199 (iu.
518 1148 686 1201 cottidianis
708 1154 753 1201 est
774 1150 803 1201 in
820 1151 903 1200 Vind.
919 1152 952 1202 ii.
978 1160 1101 1221 quottid.
1122 1162 1153 1216 iu

90 1221 144 1273 Dr.
160 1223 195 1270 A.
215 1219 298 1271 Vind.
315 1219 338 1269 1.
355 1227 384 1268 et
400 1220 460 1269 edd.
476 1219 553 1268 Rom.
570 1232 596 1271 a·
615 1221 686 1268 Med.
703 1231 729 1268 e.
744 1220 813 1268 Veu.
830 1221 873 1269 de.

130 1302 192 1339 cum
219 1290 280 1349 ent]
313 1301 400 1353 ouum
422 1289 476 1338 ant
499 1287 567 1338 ond.
589 1288 771 1348 Quintilianus
793 1288 822 1348 i,
840 1288 909 1354 7,⁵
937 1291 1152 1352 coniunctionem

94 1371 200 1423 onom,
229 1358 456 1420 praepositionem
478 1367 545 1407 cuna
566 1368 583 1407 a
606 1356 746 1424 nonnuliis
760 1356 845 1407 sorlbi
861 1369 1072 1415 commemorans
1089 1367 1151 1431 ipsa

92 1429 194 1492 probat
217 1437 301 1492 cnm,
328 1426 373 1476 cui
396 1425 506 1477 codices
529 1426 610 1487 plane
633 1438 727 1476 omnes
750 1426 945 1478 assentiuntur.
986 1432 1044 1482 iios
1066 1434 1152 1498 igitur

93 1497 185 1546 secuti
203 1507 313 1561 scinne,
337 1502 457 1545 ceterum
473 1493 716 1555 Oudendorpianee
733 1496 878 1547 varietatis
896 1504 923 1546 et
936 1500 1058 1553 codicum
1071 1517 1150 1555 men-

92 1565 196 1616 tionem
217 1565 247 1629 in
271 1567 321 1614 loc
345 1564 448 1625 puriter
471 1566 556 1625 etque
578 1560 607 1612 ln
630 1575 719 1616 musa
737 1572 768 1615 et
789 1564 877 1618 cotid.
894 1565 1010 1634 cingulis
1033 1571 1062 1624 iu
1083 1574 1152 1627 loeis

92 1635 191 1687 ieoere
206 1643 443 1699 supervacaneum
460 1631 626 1697 putavimus.

63 1848 135 1903 coiis
148 1846 261 1903 Gallice
274 1857 370 1917 gesto,
391 1856 468 1902 recte
485 1856 514 1900 et
527 1856 590 1912 apte
632 1844 693 1898 clv.
707 1850 771 1911 2‚1
789 1847 829 1900 od
840 1860 875 1902 eo
890 1848 1069 1923 nutriendo
1084 1870 1154 1924 ope·

62 1920 117 1973 len
137 1921 183 1970 iilo
203 1919 368 1986 ostenditur,
390 1919 590 1982 quantumtor·
631 1929 679 1968 ro.
721 1916 761 1965 lb.
779 1920 814 1977 3,
836 1917 873 1969 44
895 1934 969 1986 qnae
986 1925 1058 1977 loon.
1101 1930 1155 1979 sed

61 1990 178 2040 titudine
196 1989 351 2054 valuerint,
375 1991 403 2038 et
417 1988 590 2052 qnlprirnurn
633 1988 763 2049 quamodo
789 1986 864 2038 Galli
889 2002 938 2041 sen
957 1991 1053 2044 Celtae
1075 2009 1155 2050 ninam

62 2060 136 2109 inter
160 2068 273 2125 onnes,
301 2060 360 2109 tnui
376 2058 423 2121 ani
443 2059 591 2111 secundum
632 2063 736 2119 partein
758 2053 908 2109 incolarum
933 2061 1020 2111 omnis
1047 2064 1156 2118 Gellius

64 2128 178 2180 virtutis
191 2128 283 2178 locum
295 2128 439 2177 tenuerint.
631 2123 762 2175 obtinere
776 2121 921 2178 dicuntur?
950 2130 1075 2183 Faciant
1088 2146 1156 2198 par-

117 2210 180 2247 cum
187 2196 347 2255 Germanis]
365 2195 591 2258 aquibusteman
633 2203 687 2244 tem
700 2204 792 2243 aarum
809 2206 904 2262 unani,
928 2197 1056 2252 obtinent
1075 2214 1156 2257 unuin

63 2267 175 2330 numine
185 2267 290 2331 iilieno,
306 2264 441 2315 latissimo
454 2272 534 2327 etque
547 2265 592 2314 al·
632 2270 737 2324 partem
751 2261 859 2314 Gellius
873 2267 969 2316 omnis.
992 2270 1089 2334 ltaque
1104 2272 1156 2323 Ai-

63 2336 187 2399 tissima,
205 2342 237 2384 ut
250 2335 332 2397 paulo
347 2341 407 2394 post
421 2333 521 2383 dicturo
536 2340 589 2398 est,
633 2332 738 2382 moinus
758 2329 870 2384 (initiae
888 2334 946 2386 nno
964 2350 1037 2400 pars
1056 2342 1156 2410 posuit,

63 2404 273 2464 dividebantur3
303 2416 337 2452 ex
351 2415 403 2465 qno
418 2411 592 2463 utrorumque
634 2403 663 2451 et
674 2403 875 2461 metaphrastes
887 2404 955 2453 leco
964 2411 1025 2458 octo
1034 2411 1158 2461 vocabu·

64 2474 185 2524 isellendi
210 2470 329 2522 studium
348 2484 482 2523 summurn
503 2470 593 2522 fnisse
634 2471 664 2520 le
681 2462 700 2533 ἤ
718 2464 771 2532 μὲν
791 2458 840 2519 οὖν
859 2468 977 2540 Κελτική
993 2477 1160 2540 interpreta-

64 2541 249 2608 cognoscitur.
635 2545 680 2588 tus
696 2539 748 2601 est,
765 2540 793 2588 et
808 2537 968 2596 Giacoouius
983 2546 1045 2597 eins
1058 2548 1162 2599 rectius

118 2624 182 2662 cuin
200 2610 263 2668 ant]
286 2606 322 2656 11.
336 2616 362 2657 e.
383 2609 530 2669 quodcum
547 2607 594 2657 te·
635 2608 757 2658 futurum
770 2606 857 2657 tuisse
878 2620 984 2678 monet,
1009 2618 1037 2665 et
1050 2617 1160 2667 Herzo-

67 2681 160 2748 cinnt,
180 2687 228 2730 ent
239 2686 293 2728 etc.
320 2675 364 2726 Cf·
376 2688 401 2725 a.
412 2675 464 2726 to:
482 2677 595 2744 foetum
637 2674 698 2739 gius
717 2685 818 2724 eornm
836 2688 885 2738 per
903 2681 1018 2740 synesin
1036 2686 1160 2745 proetus

67 2750 131 2803 elus
161 2748 256 2798 nostis
283 2745 448 2809 pericnlum
472 2748 595 2809 potrum
637 2742 822 2804 accipiendum
836 2746 941 2798 statuit.
974 2750 1006 2800 Id
1027 2764 1092 2803 vero
1105 2768 1160 2805 non

67 2820 244 2869 nostrornm
262 2815 415 2877 memmio,
440 2827 506 2864 cnm
517 2814 595 2864 tina·
636 2813 749 2864 honeret
761 2824 813 2873 qno
825 2815 982 2867 referretur.
1007 2821 1077 2872 Nem
1089 2822 1160 2876 Gat-

68 2884 339 2938 penetratione
365 2898 383 2933 n
404 2882 475 2934 Gaio
495 2883 594 2934 Morio
636 2882 678 2932 iio
690 2882 782 2931 omnis
795 2880 875 2943 nimis
891 2892 933 2934 est
950 2897 1091 2956 remotum,
1108 2905 1161 2943 ne-

67 2956 162 3022 pnisis
180 2967 239 3006 non
253 2953 396 3004 minorem
408 2954 523 3004 landem
539 2965 597 3004 eu·
637 2964 689 3015 qne
708 2959 803 3014 postea
821 2952 854 3000 de
875 2952 967 3007 Gallia
988 2970 1076 3012 sermo
1097 2961 1160 3025 fnit,

71 3026 200 3089 ereans,
228 3034 315 3089 quom
341 3023 403 3085 ipse
430 3023 595 3087 imperator
638 3022 687 3070 sed
700 3020 733 3070 de
744 3020 841 3070 Gallis.
858 3021 979 3087 Denique
993 3026 1098 3081 caesor
1110 3043 1161 3081 eo-

70 3095 196 3148 meritns
211 3093 375 3146 videbatur.
638 3100 706 3140 rum
726 3089 852 3155 scripsit,
875 3104 928 3142 nou
944 3094 1014 3145 eins.
1048 3099 1160 3149 Scilicet

122 3161 197 3223 M.
237 3165 340 3213 Eorum
363 3171 419 3211 unu
442 3158 523 3221 pers]
553 3159 597 3211 Ad
638 3170 739 3211 eornm
753 3161 870 3222 partem
885 3174 973 3213 onom
987 3165 1105 3218 breviter
1118 3169 1161 3219 di-

71 3232 319 3296 etnnogreplricnin,
332 3228 516 3296 qnoeoicltnr,
526 3228 598 3280 Gul-
639 3228 689 3293 xit,
707 3235 737 3277 ut
749 3229 795 3293 sit,
813 3240 867 3280 una
877 3230 957 3281 trium
967 3237 1083 3296 partium
1093 3238 1162 3289 Gal.

71 3302 128 3353 liee
141 3302 231 3351 omnis
242 3298 462 3363 descriptionem,
481 3308 535 3361 qne
545 3299 597 3348 do·
637 3298 693 3347 lise
702 3297 798 3362 omnis,
816 3310 885 3359 quae
899 3310 991 3361 portes
1003 3314 1066 3355 sunt
1078 3307 1161 3359 etiem

73 3372 146 3435 cult,
171 3366 432 3435 equotnationlbns
446 3368 597 3417 eeincole·
637 3366 786 3417 incolarum
811 3368 872 3416 siva
889 3379 907 3418 a
924 3371 1042 3423 diversis
1062 3374 1162 3426 incolis
1203 3402 1208 3417 .

74 3449 165 3503 retur,
195 3450 319 3502 quaeque
340 3448 433 3486 earum
458 3437 597 3487 nationum
639 3435 776 3509 heiitatae
790 3439 818 3485 et
831 3448 984 3506 possessae,
1001 3444 1161 3495 unacco!-

75 3508 229 3559 differentie
245 3509 336 3570 esset,
366 3503 409 3554 nio
434 3504 598 3569 geographi·
639 3503 691 3569 tis,
716 3516 786 3580 quone
799 3516 863 3559 oars
876 3504 1014 3561 Celtarum
1034 3521 1093 3577 est,
1116 3513 1160 3567 tor

76 3590 136 3629 cen
155 3577 245 3640 ιιιῑι,
271 3578 300 3625 et
319 3575 426 3624 eosdem
440 3581 498 3621 tres
511 3584 597 3635 popu·
640 3567 764 3637 iioileolo
797 3568 960 3640 ioobeitbeii
986 3579 1030 3634 iet
1055 3576 1160 3648 dolien,

75 3647 133 3709 los,
163 3657 277 3707 quornm
302 3645 402 3705 Belgas
431 3641 598 3693 fortissimos
640 3643 880 3710 ulteraaltcigis,
903 3648 983 3698 tertia
995 3651 1030 3700 ab
1044 3651 1162 3713 Aquita·

76 3726 140 3764 essa
156 3714 328 3777 morderet,
351 3712 380 3761 in
393 3709 482 3763 auimo
495 3713 598 3763 hebens
640 3710 699 3776 nis,
725 3723 794 3775 quae
822 3722 916 3775 partes
937 3726 1000 3766 sunt
1017 3714 1170 3784 uolgarun'

76 3784 203 3848 sonem,
218 3781 314 3848 nquit,
331 3790 464 3843 unapars
477 3788 549 3844 etc.;
569 3780 598 3832 in
640 3788 722 3842 uque
741 3781 943 3844 Aquitanorum.
984 3786 1080 3855 Itaque
1101 3797 1166 3855 post

76 3863 130 3914 qno
144 3851 308 3914 pronominis
322 3864 373 3901 usn
387 3850 600 3913 odionuosre·
641 3859 744 3899 eornm
779 3852 990 3929 subandiendum
1019 3864 1063 3906 est
1089 3870 1166 3922 pnr-

76 3928 151 3973 noce
167 3920 317 3983 ιριιιιιιιιιι
332 3918 499 3983 ιιιμιςιιιαι
515 3931 600 3982 quea
642 3916 732 3995 tiano.-
760 3916 809 3993 ¹teo
831 3932 887 3975 enu
906 3933 960 3977 aon
983 3924 1032 3979 ten
1054 3923 1165 3985 inoleta
1238 3941 1240 3945 ·

76 3992 150 4053 den,
163 3987 601 4051 mniumehmcernitnr.
642 3983 740 4051 idatius
757 3999 829 4054 letter
846 3986 899 4047 itti
917 3986 1056 4050 &timuit
1099 3999 1168 4049 Alia

76 4058 387 4124 amiternenses
403 4056 472 4108 ciet.
505 4059 540 4121 7,
564 4059 600 4108 (16
643 4059 736 4106 eodem
763 4060 842 4110 modo
869 4064 1029 4125 explicanda
1052 4064 1115 4119 uide
1139 4066 1171 4120 111

76 4127 109 4183 ιδ
132 4126 325 4194 assensisse
354 4124 468 4195 latini
494 4126 601 4183 me.
645 4127 954 4201 annotatum-5.

895 4200 954 4266 lii
