2572 4688
410 268 411 272 a
439 164 792 328 esaar-arro.
1057 216 1166 320 [ω

74 412 131 484 rel
150 433 214 503 par
229 409 405 497 Vatinium
426 414 598 500 tribunum
614 414 732 506 ‚plebis
754 413 834 482 latis
857 412 1018 496 coniecit,
1048 411 1167 499 Ptole·¹
1239 418 1243 425 '

77 540 171 586 maeo
199 539 279 587 rere
302 540 340 585 ae
369 516 531 609 Pompeio
551 527 632 608 post
652 519 767 604 leges,
796 541 870 585 eum
893 516 1165 584 adversariorum

78 629 112 690 ot
131 622 348 712 optimatium
368 620 474 690 factio
494 624 619 711 partim
642 630 734 689 metu
753 623 878 711 partim
897 622 1033 689 consilii
1051 622 1166 711 inopia

80 727 191 797 acrius
211 728 387 801 'resistere
400 725 579 808 desiisset,
608 727 709 793 etiam
729 727 1024 794 senatusconsulta
1046 725 1167 791 foedus

80 837 112 896 et
133 839 211 897 acta
232 829 403 899 firmantia
416 829 623 917 impetravit.
664 829 781 898 Mense
798 829 888 896 Maio
902 831 1043 895 alteram
1057 831 1167 916 legem

84 933 249 1018 agrariam
264 935 377 1015 sulit,
412 955 476 1019 qna
499 931 706 1021 Campanum
735 956 852 1020 agrum
869 932 990 1023 'priori
1012 934 1088 1018 lege
1110 955 1168 998 ex·
1270 951 1281 1011 .‘

55 1060 57 1065 ·
83 1044 214 1124 ceptum
236 1043 272 1103 ct
293 1035 335 1103 ad
360 1035 512 1103 subsidia
535 1037 762 1124 reipublicae
786 1036 984 1123 vectigalem
1010 1038 1170 1104 relictuut

85 1161 301 1229 campumque
324 1139 502 1208 Stellatem
523 1139 605 1206 item
628 1142 663 1206 in
687 1140 869 1230 Campania
898 1140 1002 1206 situm
1032 1162 1094 1228 per
1118 1140 1169 1209 vi·
1200 1170 1204 1177 ·

85 1242 167 1331 giuti
194 1245 289 1314 uiros
316 1243 430 1310 nescio
458 1265 500 1309 an
529 1241 683 1322 eosdem,
714 1267 801 1332 quos
823 1243 916 1334 prior
936 1244 992 1310 lex
1012 1243 1170 1326 babebat,

86 1355 178 1414 extra
206 1355 334 1414 sortem
365 1346 484 1414 divisit
506 1346 548 1413 ad
568 1349 688 1434 uiginti
709 1346 848 1413 milibus
871 1344 1022 1429 civium,
1044 1346 1170 1435 quibus

87 1451 171 1518 terni
192 1455 351 1540 pluresve
372 1451 476 1517 liberi
497 1457 623 1521 essent.
665 1451 794 1519 Multas
812 1455 988 1538 praeterea
1000 1453 1094 1537 leges
1111 1445 1170 1519 de-'

86 1551 150 1637 dit,
178 1577 265 1642 quas
289 1554 473 1643 scriptores
495 1552 752 1640 veluti-nullius
773 1553 817 1620 ad
831 1553 1008 1620 historiam
1022 1575 1169 1620 momen-

87 1658 112 1724 ti
131 1660 443 1748 praetermittentes
463 1659 632 1739 fecerunt,
659 1657 745 1723 nibil
766 1665 806 1722 ut
821 1657 931 1742 egisse
949 1658 1067 1725 consul
1084 1657 1171 1727 Cae-

88 1784 140 1829 sar
160 1760 336 1845 videatur,
362 1763 429 1828 nisi
452 1761 543 1851 quod
565 1760 609 1828 ad
630 1760 741 1850 ipsius
767 1759 951 1849 potentiam
973 1759 1171 1839 confirman-

88 1863 158 1932 dam
180 1873 285 1954 atque
307 1865 491 1953 augendam
515 1870 693 1955 spectaret.
738 1861 807 1931 Scd
824 1885 889 1930 una
909 1884 1042 1945 earum,
1072 1856 1170 1930 cuius

87 1970 238 2039 notitiam
261 1971 363 2058 paulo
385 1971 569 2057 pleniorem
592 1969 770 2049 babemus,
795 1968 930 2037 minime
949 1989 1025 2035 eum
1042 1970 1094 2034 rei
1110 1991 1172 2057 pu-

88 2071 192 2152 blicae
215 2073 365 2140 defuisse
386 2073 509 2164 probat
529 2066 565 2142 e't
583 2072 669 2141 alias
690 2093 824 2161 quoque
845 2071 966 2140 civium
988 2072 1172 2140 commodis
1218 2158 1222 2163 .

88 2178 304 2266 prospexisse
325 2185 427 2266 atqua
449 2177 492 2247 ob
511 2176 548 2245 id
570 2177 702 2264 ipsum,
733 2174 825 2262 quod
845 2198 952 2265 neque
971 2166 1172 2245 evertendae

88 2279 258 2348 libertatis
288 2289 403 2348 essent
430 2277 540 2368 neque
567 2303 698 2347 morum
720 2261 802 2348 'eius
830 2279 1008 2366 imaginem
1043 2282 1171 2348 referre
1244 2317 1257 2337 ·

88 2381 301 2464 riderentur,
326 2384 462 2456 silentio
483 2407 503 2453 a
525 2383 751 2473 scriptoribus
772 2386 976 2472 praeteritas
998 2404 1073 2452 osse
1095 2407 1173 2474 pera

90 2485 221 2559 suadet.
270 2488 322 2555 Ea
342 2499 397 2557 est
417 2491 472 2555 lox
493 2487 583 2558 Iulia
604 2487 646 2554 da
667 2489 819 2577 paeoniis
846 2485 1060 2580 repetundis,
1095 2510 1173 2558 cen·

90 2598 160 2658 tum
191 2593 338 2681 amplius
367 2586 546 2681 capitibus
561 2598 741 2673 constans,
769 2593 919 2660 severior
940 2590 1115 2678 aliquanto
1135 2598 1173 2660 et

91 2696 298 2777 accuratior,
329 2717 431 2782 quam
453 2717 539 2784 quae
559 2693 667 2767 adhue
689 2688 900 2781 obtinuerat,
929 2694 1106 2776 Cornelia,
1136 2702 1173 2767 et

91 2796 133 2864 ad
155 2819 270 2865 omnes
291 2801 449 2886 pecunias
471 2797 670 2895 pertinens,
691 2819 777 2884 quas
800 2800 878 2888 quis
900 2799 936 2866 in
957 2799 1174 2884 magistratu,

90 2908 280 2992 potestate,
308 2890 498 2983 curatione,
523 2902 692 2988 legatione
710 2904 764 2971 vel
784 2902 851 2992 quo
865 2903 932 2973 alio
948 2901 1079 2984 officio,
1100 2925 1175 2974 mu-

90 3025 169 3095 nere
199 3005 428 3074 ministeriore
450 3004 586 3094 publico
608 3004 775 3095 cepisset,
802 3008 856 3076 rel
877 3027 953 3076 cum
973 3027 1016 3074 ex
1031 3007 1174 3076 ‘cohorte

91 3109 237 3178 alicuius
262 3132 376 3179 corum
405 3117 508 3182 esset.
551 3107 631 3176 Non
657 3109 764 3196 magis
787 3108 938 3199 privatae
963 3107 1085 3181 latoris
1113 3136 1175 3202 po-

91 3213 176 3296 tius,
206 3235 306 3301 quam
327 3215 481 3302 publicae
497 3214 642 3281 utilitati
655 3214 865 3282 consuluisse
882 3212 1017 3283 videtur
1032 3216 1176 3285 iudicia-

91 3318 144 3384 ria
162 3319 220 3405 lex
243 3316 286 3384 do
306 3319 488 3386 sortiendis
504 3317 689 3400 iudicibus,
711 3339 811 3405 quam
826 3319 922 3387 locus
935 3316 1072 3407 quidam
1087 3320 1176 3390 Dio-

92 3420 146 3491 uis
173 3421 290 3515 Cassii
314 3422 377 3490 boc
405 3445 491 3490 anno
516 3426 623 3491 latam
651 3445 672 3488 a
700 3419 847 3491 Caesare
875 3422 1038 3496 ostendit.
1080 3425 1178 3494 Reli-

94 3546 178 3614 quae
212 3547 313 3608 vero,
351 3548 438 3616 quae
473 3527 564 3599 baud
597 3548 725 3618 paucae
752 3528 908 3599 teruntur
935 3533 1029 3614 leges
1057 3527 1179 3615 luliae,

94 3628 273 3713 dictatoris
303 3626 478 3719 Caesaris,
513 3632 692 3700 nonnullae
718 3631 821 3698 etiam
845 3631 1001 3720 Augusti
1027 3630 1179 3707 luerunt.

94 3731 222 3806 Eodem
255 3739 426 3827 tempora,
460 3754 526 3824 quo
558 3735 901 3824 Campanamlegem
930 3736 1180 3826 promulgabat,

95 3837 255 3908 artiorem
285 3830 362 3906 cum
388 3835 553 3929 Pompeio
586 3826 854 3909 coniunctionem
884 3837 966 3929 tecit
992 3836 1116 3906 Iuliam
1146 3841 1180 3913 ei

95 3941 199 4015 filiam
225 3941 406 4033 repudiato
427 3946 540 4035 priora
558 3947 687 4034 'sponso
712 3942 858 4013 Servilio
881 3939 1180 4034 Gaepionrbruta

98 4067 139 4133 an
166 4045 271 4119 bruti
296 4047 528 4143 cognomine„
539 4049 637 4143 cums
665 4049 720 4139 rel
746 4047 929 4148 praecipua
951 4065 1054 4136 opera
1075 4048 1179 4138 paulo
