2572 4688
124 249 194 324 332
357 268 360 273 '
385 251 458 321 DE
482 250 664 321 BELLO
695 251 951 323 Gannico

125 438 296 529 principes
321 461 360 508 ac
381 449 520 509 sanutus
541 441 608 508 sihi
628 439 845 519 iureiurando
867 441 969 508 iitieru
985 441 1142 520 iecisset,
1165 461 1200 506 ea

124 528 333 608 conditione,
360 551 485 616 quana
508 529 653 599 Caesare
675 530 841 611 ferretur,
861 552 899 596 se
914 553 1039 597 usuros
1051 527 1201 597 ostende·

125 616 225 682 bant:
253 616 297 681 all
318 617 379 681 iras
402 640 458 683 res
477 616 701 695 conficiendas
722 618 789 683 sibi
810 617 917 684 tridui
931 618 1081 707 spatium
1097 615 1203 684 darei.

82 700 104 765 4
125 701 343 786 Haeoomnia
358 703 485 772 Caesar
502 704 618 770 eodem
635 704 696 769 iiio
710 704 879 791 pertinere
895 706 1141 785 arbitrabatur,
1166 712 1203 769 ut

125 788 233 877 tridui
252 814 344 856 mora
359 793 560 881 interposita
576 794 708 881 equites
721 815 836 861 eorum
843 838 857 870 ‚
876 794 935 881 qui
949 795 1128 872 abessent,
1153 813 1203 857 rc-

124 886 355 945 verterentur:
391 887 503 947 tamen
524 901 601 947 sese
626 902 691 946 non
714 880 850 964 longius
879 881 1016 947 milibus
1045 901 1202 984 passuum

80 963 285 1052 &quattuor
297 967 487 1051 aquationis
500 989 600 1033 eausa
615 989 850 1054 processurum
866 989 906 1033 ea
918 968 972 1035 die
985 969 1093 1035 dixit:
1143 967 1203 1032 iruc

123 1062 260 1142 postero
282 1053 337 1118 dia
359 1077 458 1140 quam
481 1054 748 1141 frequentissimi
769 1057 1000 1136 convenirent,
1025 1063 1065 1120 ut
1085 1054 1129 1119 de
1153 1075 1203 1120 eo·

80 1140 102 1201 6
123 1163 198 1207 rum
212 1142 396 1227 pastinatis
410 1149 638 1227 cognosceret.
701 1140 842 1225 Interim
858 1143 902 1210 ad
916 1145 1129 1232 praefectos,
1148 1141 1203 1228 qui

145 1312 149 1321 ·
191 1283 219 1344 S.
232 1287 259 1335 3.
292 1283 422 1345 fecisset]
444 1287 528 1347 Bong.
551 1287 585 1336 Α.
608 1287 686 1350 ligni.
710 1286 787 1338 Leitl.
808 1287 844 1338 A·
869 1286 940 1337 llulr.
959 1284 1044 1338 Voss.
1064 1288 1087 1345 Β
1105 1293 1134 1336 et
1149 1297 1201 1337 sec.

156 1357 240 1407 linire.
251 1356 298 1413 ui.
321 1353 425 1403 Parius.
443 1354 524 1407 vtat-
549 1352 583 1404 Α.
602 1356 684 1406 Vinii.
707 1355 766 1409 AG.
785 1356 857 1419 ilar.
873 1358 909 1406 A.
926 1355 994 1405 (lud.
1008 1358 1033 1417 ‚²-
1068 1356 1202 1422 secarent

155 1422 255 1485 reliqui
277 1423 370 1481 (Gella
396 1423 429 1472 A.
454 1434 513 1471 cum
531 1431 631 1484 puncto
648 1424 699 1474 solt
715 1427 748 1482 n)
767 1437 829 1475 cum
845 1426 905 1474 edd.
921 1431 984 1477 ante
1002 1424 1073 1474 Oud.
1091 1428 1117 1475 2.
1146 1425 1203 1476 siu-

155 1496 280 1561 gularem
302 1491 369 1541 Oua.
394 1492 421 1543 in
444 1491 534 1541 adnot.
558 1494 589 1541 ut
612 1492 682 1553 apuu
706 1490 821 1554 optimos
836 1488 963 1557 ‚quosque
981 1491 1135 1555 scriptores
1149 1495 1202 1547 ite·

156 1570 282 1627 quantem
305 1560 549 1610 commendaverat.
590 1560 644 1608 Sed
669 1562 694 1608 lr.
718 1560 738 1611 l.
762 1573 817 1613 non
840 1568 896 1613 tam
925 1560 1084 1623 elegantiae
1113 1573 1202 1624 cansa,

143 1644 237 1696 ,quam
261 1637 338 1678 certa
361 1628 465 1681 ratione
486 1628 592 1691 positus
615 1629 732 1679 videtur.
772 1629 841 1680 llam
866 1630 890 1680 si
914 1628 1042 1681 diversos
1068 1632 1201 1687 a'senatu

134 1698 296 1765 'principes
318 1698 451 1748 Vitiorum
472 1694 603 1751 Germani
627 1697 759 1747 iecissent
781 1705 809 1747 et
830 1707 884 1750 nou
900 1696 1118 1750 eontentiiiiins'
1134 1700 1201 1763 lure-

157 1768 273 1821 iurando
297 1767 379 1817 etiam
405 1769 499 1817 iorum
522 1766 688 1831 singulorum
710 1767 790 1817 auem
815 1766 867 1816 sibl
891 1766 1024 1831 obstringi
1041 1768 1200 1832 noluissent,

149 1836 240 1890 'mimia
264 1839 298 1887 de
321 1836 374 1885 liele
398 1836 531 1887 Vln‘orum
550 1835 704 1887 sollicitudo
720 1837 750 1885 et
768 1837 896 1898 suspecta
914 1835 1030 1889 caesari
1048 1828 1140 1891 viaeii
1155 1840 1207 1900 po·'

131 1908 264 1959 ’'tuisset.
309 1905 413 1966 ,ltaque
441 1906 562 1955 senones
592 1907 626 1955 ad
656 1905 805 1970 principes
826 1905 984 1956 accuratius
1011 1904 1201 1969 significandos

157 1976 267 2028 acuitur
284 1981 313 2024 et
329 1984 365 2024 ac
383 1973 442 2022 iere
456 1974 527 2023 luem
544 1980 604 2037 est,
627 1976 697 2038 quod
713 1973 745 2024 nl
762 1968 824 2033 e'etr
841 1980 900 2037 'qua
916 1974 1022 2023 ratione
1040 1973 1201 2037 singularem

159 2047 263 2096 tantum
290 2055 343 2093 non
367 2043 554 2092 necessarium
580 2054 644 2091 esse
667 2041 837 2107 intelligitur·
871 2042 1031 2111 simillimus
1056 2044 1120 2094 linio
1137 2045 1202 2093 inter

158 2128 223 2175 eos,
247 2123 314 2175 quos
338 2110 406 2160 Onti-
426 2109 487 2159 sine
509 2108 664 2161 discrimine
682 2112 811 2171 contulit,
837 2111 914 2160 locus
931 2115 974 2161 est
991 2112 1075 2162 Hirtii
1094 2115 1200 2164 Alema

159 2185 192 2235 ia
209 2194 305 2234 earnes
319 2180 440 2245 paries,
461 2190 517 2242 per
536 2193 609 2245 qaae
625 2179 696 2245 lines
713 2178 837 2247 Aepypli
853 2191 1031 2245 repetamque
1045 2180 1186 2248 pertinet.

190 2251 218 2311 8.
229 2250 256 2301 4.
291 2249 431 2313 quattuor]
455 2248 536 2310 Bong.
556 2250 588 2297 Α.
605 2252 681 2308 (cum
698 2258 797 2311 puncto
815 2250 866 2298 sub
882 2248 968 2310 'priori
984 2252 1013 2310 t)
1031 2252 1114 2302 Gotlr.
1129 2254 1157 2301 Β.
1175 2248 1207 2315 et'

47 2344 50 2349 ·
156 2332 230 2371 corr.
252 2318 281 2368 in
298 2319 327 2368 tt
344 2318 471 2367 a..llom.
491 2329 517 2367 a.
535 2319 604 2367 Meu.
623 2330 649 2368 a.
666 2321 737 2371 ven.
756 2319 827 2367 beet.
846 2318 906 2367 Ber.
935 2312 1131 2382 qttaluor'llr.
1149 2322 1198 2371 AB.

155 2388 236 2440 Vrat.
250 2386 328 2437 Alli).
344 2387 439 2437 Hamb.
456 2385 539 2436 vind.
557 2386 589 2436 ll.
607 2387 678 2438 Van.
694 2400 720 2438 c.
739 2389 799 2438 Alu.
817 2386 866 2437 Gr.
879 2387 923 2437 ab.
940 2390 980 2438 st.
996 2388 1025 2437 Ρ.
1040 2392 1114 2440 Man.
1129 2392 1199 2443 Turn

131 2470 136 2477 ·
157 2472 228 2512 ‚run
246 2456 326 2509 Vina.
340 2456 374 2506 A.
397 2468 431 2508 ιν
447 2455 509 2506 Alo.
526 2468 588 2520 nep.
606 2459 635 2507 et
650 2448 709 2522 sqq.
744 2454 786 2509 Gi.
805 2458 868 2507 adn.
885 2469 925 2508 cr.
943 2459 978 2508 ad
995 2460 1029 2525 1,
1051 2460 1085 2508 12
1105 2458 1130 2520 S.
1143 2459 1168 2510 4.

172 2593 202 2657 S.
215 2596 241 2646 ³.
277 2591 357 2643 iidem
369 2591 497 2652 iecisset]
515 2593 548 2643 ll.
561 2606 583 2643 e·
599 2592 644 2642 ie·
686 2605 767 2659 esse,
784 2605 852 2657 quac
867 2606 891 2644 c.
905 2596 922 2643 9
937 2596 1006 2644 extr.
1021 2594 1199 2660 nemonsnata

121 2656 248 2718 oissetut
259 2671 317 2730 tuto
328 2675 358 2711 se
370 2662 568 2713 crederevbiis
578 2674 643 2725 pos-
685 2669 736 2713 est.
771 2662 814 2712 Gi.
829 2665 860 2730 1,
873 2659 912 2712 14
932 2663 957 2724 S.
973 2666 1001 2715 3.
1186 2660 1189 2667 ’

119 2736 193 2797 sent,
211 2735 281 2796 quoa
294 2732 458 2782 Germanice
472 2731 573 2781 (licitur
591 2726 643 2788 &it
737 2729 762 2790 S.
778 2731 804 2783 5.
844 2733 873 2781 ut
892 2733 925 2781 (le
945 2744 1038 2782 eornm
1060 2733 1200 2793 postulatis

121 2798 232 2868 &arbeit
260 2798 348 2870 geben.
396 2803 557 2862 Plerumque
576 2813 643 2853 vero
685 2802 876 2864 cognosceret]
896 2800 963 2851 Cum
975 2802 1199 2868 Germaniaeque

120 2876 272 2924 estiacere
286 2874 315 2922 ut
328 2871 396 2920 fides
415 2870 546 2920 habeatur
561 2869 642 2922 dicto.
684 2868 713 2920 iu
737 2867 866 2920 caesaris
893 2869 1084 2921 iurisdictione
1113 2881 1200 2923 essent

120 2942 167 2994 Sic
180 2944 213 3007 5,
230 2940 264 2992 41
289 2936 479 3005 Ambioripem
492 2941 641 2991 ostentant
683 2950 769 2999 neque
777 2939 991 2990 controversiam
1002 2953 1064 2991 cum
1074 2954 1201 3007 quoquam

122 3011 191 3078 fidei
200 3011 356 3076 faciundae
369 3020 465 3060 curma.
482 3011 509 3073 6,
524 3007 557 3058 41
573 3011 641 3063 tan·
684 3008 832 3071 haberent,
855 3007 991 3060 iudicialis
1006 3009 1086 3059 verbi
1098 3024 1200 3078 coqne-

119 3084 170 3132 tus
190 3080 421 3148 foll-terror,
437 3079 641 3128 ut-Volose-
683 3088 766 3128 scere
788 3077 949 3141 significatio
969 3079 1063 3130 aliena
1079 3083 1113 3130 ab
1136 3083 1160 3129 a.
1182 3082 1200 3131 l.

119 3162 176 3201 aas
190 3174 226 3185 -
239 3147 323 3214 fiderat
342 3161 400 3198 noc
414 3149 641 3212 faceretadesse
684 3146 801 3196 videtur.
852 3149 946 3209 Neque
972 3159 1089 3214 magna,
1126 3163 1201 3213 quam

120 3231 186 3270 com
215 3217 350 3269 incolumi
374 3217 528 3280 Caesarem
552 3228 642 3271 ecer—
684 3214 789 3266 caesar
814 3218 1020 3283 postulaverat,
1051 3218 1200 3281 frequentis
1234 3228 1241 3250 ²

120 3289 191 3341 citu.
684 3287 718 3336 ad
738 3285 868 3335 eiusmodi
886 3287 1067 3350 cognitionem
1081 3288 1200 3350 require·

171 3358 304 3416 ferretur]
319 3356 399 3407 illam
409 3352 590 3420 conditionem
601 3353 641 3404 sl·
683 3355 772 3405 batur.
807 3356 859 3404 Sed
874 3368 908 3405 ex
922 3356 1034 3420 paucis,
1060 3358 1106 3418 qui
1119 3369 1199 3407 vene-

120 3424 266 3489 guificant,
287 3427 320 3474 tle
340 3437 393 3488 qua
412 3436 501 3473 sermo
515 3423 567 3473 init
585 3423 641 3473 c.8
683 3428 765 3489 rant,
797 3423 895 3487 legatis
921 3424 1010 3474 minus
1037 3434 1113 3477 certo
1142 3425 1200 3490 quill

120 3496 150 3557 s.
163 3497 196 3560 3,
220 3507 298 3557 qnam
314 3494 417 3543 Caesar
431 3494 485 3544 iem
499 3495 600 3543 tulerat
613 3500 641 3543 et
682 3505 774 3543 omncs
785 3494 963 3556 postularent,
978 3494 1107 3556 cognosci
1119 3503 1147 3544 et
1160 3493 1199 3546 in-

12 3586 15 3592 1
120 3562 185 3629 quia
200 3576 253 3613 non
267 3570 483 3626 retractaretur,
502 3568 557 3611 tum
571 3575 639 3624 quo·
680 3562 768 3619 telliei
791 3564 905 3622 poterat.
940 3562 1036 3626 ltaque
1059 3565 1200 3627 vulgarem

119 3644 172 3697 que
185 3632 258 3680 terre
271 3633 422 3681 videbatur.
458 3632 489 3680 ld
504 3644 539 3680 ex
552 3631 639 3680 Vltio·
682 3631 904 3693 significationem
924 3634 1091 3695 eandemque
1112 3635 1141 3682 ln
1161 3634 1198 3682 liis

120 3713 180 3753 rum
190 3700 324 3750 mentione
336 3707 458 3764 apparet,
473 3713 542 3762 quae
552 3702 638 3750 deiu-
681 3700 759 3749 libris
775 3700 1020 3762 frequentissimam
1042 3715 1198 3763 sequamur:

119 3779 183 3823 eura
196 3769 288 3831 aliqua
301 3770 460 3834 conatusne,
474 3781 553 3831 quum
565 3767 637 3819 cae·
681 3764 765 3824 tootlt
784 3779 811 3821 tr
831 3763 877 3831 ici>
899 3776 950 3822 oon
967 3764 1040 3834 itt-en
1055 3766 1197 3836 &octennis

118 3852 168 3893 sar
183 3838 289 3888 laturus
302 3845 392 3903 essct,
408 3837 523 3900 cogitari
537 3841 621 3888 vetat.
681 3850 731 3904 qen
746 3834 922 3900 otteramno
935 3832 1039 3892 finilia.
1070 3840 1112 3890 ci.
1125 3843 1153 3907 7,
1166 3837 1196 3891 55

171 3906 254 4034 tsridm
271 3907 403 3971 apetium]
429 3908 471 3957 cr.
486 3908 548 3979 adu.
564 3907 599 3958 all
612 3911 638 3973 2,
681 3921 783 3959 catti·
793 3907 828 3959 de
847 3911 930 3960 aicta
947 3910 1080 3962 deitatis
1095 3922 1197 3977 couno-

120 3979 155 4029 16
193 3978 239 4029 .1.
680 3977 800 4030 umectat.

171 4046 199 4105 S.
212 4043 238 4096 4.
267 4042 420 4094 codcnrillo
433 4042 583 4105 pertinere]
602 4047 637 4095 ad
732 4047 759 4106 S.
773 4048 799 4093 6.
834 4047 1004 4109 praelectus]
1034 4046 1077 4100 ct.
1092 4047 1196 4101 adusi

118 4117 232 4170 caraem
257 4125 369 4166 causatu
393 4113 470 4168 illam
493 4115 638 4168 reicrcntla
681 4117 714 4184 1,
732 4118 767 4167 39
784 4112 810 4176 s.
824 4118 850 4166 2.
