2572 4688
405 259 510 335 LIB.
538 258 570 334 1.
611 258 736 336 GAP.
763 264 809 337 28
1100 267 1147 340 57

57 447 153 540 quod
174 450 212 517 in
230 453 327 519 tants
344 452 562 519 multitudine
583 450 818 520 dediticiorum
841 473 936 520 suem
958 452 1071 541 fugam
1087 461 1153 522 eut

59 539 246 621 occultari,
267 546 327 605 eut
341 542 473 608 omnino
490 541 639 625 ignorari
652 563 752 627 posse
768 542 1015 624 existimarent,
1036 544 1148 633 prima

57 635 160 693 noete
181 648 200 693 e
221 629 347 694 cestris
370 627 603 715 Helvetiorum
619 631 752 717 egressi
773 628 816 694 ed
830 628 981 695 Rhenum
996 630 1150 718 finesque

60 713 308 782 Germanorum
328 715 582 785 contenderunt.
666 719 723 786 28.
754 715 856 803 Quod
874 716 932 782 ubi
952 715 1152 785 (ltaesurre-¹
1223 732 1228 740 '

60 803 159 884 sciit,
187 824 329 889 quorum
348 825 410 892 per
425 805 509 870 fines
528 806 656 886 ierant,
682 804 755 885 his,
781 803 832 869 uti
853 806 1090 891 conquirerent
1112 812 1149 872 et

59 888 280 970 reducerent,
306 892 338 956 si
362 889 430 958 sibi
453 893 590 979 purgati
610 912 686 958 esse
704 891 847 970 vellent,
868 892 1065 978 imperavit:
1093 914 1150 965 re·

59 975 184 1044 ductos
205 980 240 1043 iu
261 979 410 1044 bostium
428 1001 568 1045 numero
589 979 725 1046 hebuit:
758 980 911 1066 reliquos
928 1000 1043 1047 omues
1056 980 1151 1047 ohsi-

59 1064 186 1145 dibus,
221 1067 343 1148 aruris,
378 1067 530 1154 perfugis
557 1065 695 1132 traditis
714 1065 752 1133 in
775 1064 977 1132 deditionem
1004 1070 1147 1158 accepit.

58 1150 259 1235 Helvetios,
293 1152 479 1242 Tabraca,
514 1153 720 1241 Latobrigos
750 1153 786 1220 in
813 1155 898 1222 fines
924 1175 1023 1239 suos,
1057 1151 1193 1225 uude'2

132 1360 331 1424 dedititiorum]
356 1361 559 1415 dedititiorum
574 1364 652 1415 Rom·
672 1375 697 1415 a.
715 1362 786 1414 Med.
803 1373 829 1413 o.
841 1362 910 1414 Ven.
924 1362 951 1412 b.
964 1363 1027 1414 Alo.
1042 1363 1090 1416 (ir.
1102 1365 1147 1415 ab.

93 1433 175 1481 Turr.
199 1430 267 1483 01111.
286 1436 312 1482 2.
337 1434 530 1493 (deditiorum
552 1434 837 1498 uonq.1³.voss.e.
860 1434 939 1497 Egm.
963 1432 1047 1485 Vino.
1068 1435 1150 1486 Alli).

93 1501 178 1552 Gotlr.
195 1503 229 1551 A.
245 1502 315 1552 Ven.
332 1505 420 1563 edet.)
1042 1520 1046 1531 ¹

130 1570 331 1630 existimarent]
354 1570 560 1624 existimabant
576 1571 624 1621 Dr.
641 1570 672 1622 B.

132 1639 221 1701 prima
237 1641 330 1700 nocte]
353 1642 452 1707 primo
469 1642 561 1692 uectis
579 1641 665 1690 Dorv.
682 1637 763 1690 Vrat.
779 1633 1063 1691 c.Vino.1e.11ano.
1080 1638 1150 1689 01111.

94 1708 124 1757 2.
147 1721 175 1772 p.
192 1708 267 1759 bora
283 1712 376 1760 uectis
392 1711 461 1774 Reg.
484 1723 514 1773 p.
530 1710 624 1760 noetis
639 1707 742 1773 cipitia
758 1707 876 1770 Gryphii
891 1707 962 1758 liber
979 1715 1007 1770 et
1023 1707 1150 1770 antiquus

95 1776 196 1827 Vrsini
219 1786 247 1826 et
273 1779 322 1828 elii
343 1779 445 1830 Faerui
469 1791 530 1828 cum
553 1779 612 1829 Pal.
635 1777 715 1827 Gotb.
733 1777 769 1826 711.
786 1776 867 1827 vinti.
883 1776 916 1826 D.
931 1777 1009 1828 Rom.
1029 1791 1055 1828 a.
1072 1777 1149 1839 Lips.

96 1847 174 1897 saal.
209 1847 327 1906 Quarum
343 1849 489 1898 lectionum
504 1850 573 1897 duae
591 1846 756 1908 posteriores
773 1857 808 1894 ex
820 1845 908 1907 prima
919 1854 1014 1916 ortae,
1035 1845 1086 1898 illa
1097 1859 1151 1895 vc·

96 1926 131 1964 ro
156 1914 238 1966 etiam
263 1917 380 1979 genuine
403 1925 431 1967 et
455 1918 490 1966 ob
514 1916 715 1968 insolentiorum
738 1913 848 1974 ellipsin
872 1914 988 1968 similem
1011 1915 1071 1979 illi,
1095 1926 1151 1977 que

98 1983 205 2034 caesar
226 1982 287 2035 civ.
308 1986 340 2048 1,
366 1988 409 2038 20-
423 1987 521 2050 prima
544 1985 676 2051 uesperi,
706 1983 803 2035 Livius
822 1980 873 2045 te,
896 1984 932 2035 57
954 1984 1151 2053 autquarta,

97 2047 232 2103 Horatius
250 2057 307 2104 Sat.
322 2057 347 2105 1.
366 2058 401 2118 6,
422 2058 473 2105 122
489 2055 529 2106 ad
545 2057 684 2120 quartam
699 2054 780 2104 iaceo
798 2052 938 2121 dixerunt,
961 2061 1065 2106 mututo
1080 2065 1099 2104 a
1112 2054 1152 2103 ll-
1191 2110 1195 2117 ¹

97 2123 202 2173 brettis
218 2122 307 2173 videri
325 2132 436 2186 posset,
459 2124 514 2173 nisi
531 2125 652 2175 codicum
670 2124 742 2175 ratio
759 2122 901 2189 obstaret,
923 2133 993 2184 quoe
1008 2122 1049 2174 lta
1066 2120 1153 2173 statui

97 2192 191 2257 iubet,
221 2191 368 2243 Gaesarem
388 2194 487 2258 prima
506 2195 590 2246 nocte
612 2194 653 2243 sic
669 2200 701 2243 ut
720 2204 744 2242 c.
759 2193 793 2240 22
810 2189 866 2250 §.1
883 2190 1061 2256 prima-tuce
1079 2191 1151 2241 scri-

98 2260 209 2327 psisse,
239 2263 298 2311 eius
316 2262 469 2326 explicandi
485 2275 572 2314 causo
587 2263 657 2313 alios
673 2261 749 2312 liora
765 2259 877 2324 noctis,
907 2261 976 2312 elios
992 2261 1087 2312 uectis
1102 2259 1152 2311 ei-

99 2331 173 2398 qt'lia
195 2331 339 2396 posuisse,
368 2331 482 2395 denique
498 2345 533 2381 ex
550 2335 642 2381 lrorum
658 2332 791 2384 alterutro
806 2331 854 2380 vcl
872 2342 965 2386 errore
981 2332 1030 2382 vel
1046 2329 1152 2381 seduli-

100 2408 160 2453 tete
177 2401 286 2450 scribae
301 2401 393 2463 paullo
410 2401 538 2451 doctioris
555 2403 658 2452 iactum
675 2412 738 2450 csse
751 2400 851 2464 prima
866 2399 970 2451 uectis·
1227 2397 1232 2403 “

136 2482 155 2520 c
177 2469 291 2529 castris]
314 2471 344 2521 et
366 2482 393 2520 o.
415 2470 643 2520 vindan-'liom
661 2481 688 2521 a.
716 2481 755 2520 em
772 2479 798 2519 c.
817 2467 895 2519 Gotlr.
912 2469 937 2518 A
954 2480 973 2519 a
988 2477 1024 2516 m.
1041 2479 1083 2529 pr.
1102 2467 1150 2518 Dr.

98 2541 132 2589 B.
151 2540 221 2588 ltletl.
239 2551 264 2590 a
284 2547 312 2588 et
329 2551 387 2602 sqq.
405 2539 464 2589 edd.
482 2541 598 2601 excepta
613 2540 685 2591 Veu.
701 2538 724 2588 i.
741 2538 880 2601 usquead
897 2538 981 2606 oud,
1003 2536 1050 2601 qni
1067 2536 1151 2589 tacite

99 2609 248 2660 secundum
265 2607 372 2675 codices
389 2620 405 2657 e
419 2620 445 2658 c.
463 2608 583 2670 scripsit.

134 2677 202 2739 Gap.
215 2678 259 2728 28.
277 2675 304 2736 S.
316 2679 343 2725 2.
374 2677 550 2740 Latobrigos]
574 2673 737 2728 Latobictos
754 2675 908 2726 Rauracos
924 2674 984 2727 Pet.
1007 2674 1166 2735 Deltoto-¹

98 2747 239 2810 brigorum
251 2745 363 2796 rnomine
378 2759 407 2795 v.
424 2747 460 2796 ad
477 2748 532 2797 ab
550 2745 576 2806 S.
592 2750 609 2796 3
626 2751 727 2795 notata.
739 2775 741 2778 .
752 2745 794 2793 Dc
808 2744 959 2809 Rauracis,
977 2754 1088 2806 quorum
1100 2757 1152 2794 no·

100 2829 165 2867 men
187 2815 340 2869 Glareanus
364 2814 470 2865 incuria
492 2814 664 2866 librariorum
686 2812 814 2864 omissum
837 2813 1044 2878 suspicabatur,
1074 2821 1152 2863 recte

99 2885 204 2936 monuit
226 2884 352 2934 Haustus
374 2883 403 2933 iu
424 2885 529 2947 proelio
552 2883 676 2935 concisos
700 2883 789 2934 videri
810 2881 866 2948 its,
889 2890 920 2933 ut
937 2882 1006 2934 nulli
1022 2894 1152 2943 superes-

57 2948 62 2957 '
100 2961 172 3004 seut.
206 2954 284 3004 Domi
299 2953 405 3016 quidem
422 2953 513 3003 relicti
529 2966 595 3015 pars
611 2952 708 3021 erant,
737 2960 818 3016 utque
835 2963 929 3006 corum
943 2951 1043 3004 mentio
1058 2950 1088 3017 111
1103 2965 1167 3004 so·¹

100 3021 245 3094 quentibus
261 3023 338 3076 libris
356 3022 483 3078 iniicitur.
506 3021 544 3075 V.
558 3026 592 3092 6,
609 3020 652 3075 25.
676 3023 711 3090 7,
726 3019 771 3077 75.

118 3224 269 3289 occultari]
291 3230 339 3294 ut,
360 3224 590 3288 sideriocrercn-
631 3225 664 3280 to
693 3238 759 3277 oum
783 3223 935 3292 Pompeius
957 3235 997 3279 ea
1011 3226 1151 3296 perrupit

67 3298 131 3364 tur,
151 3307 242 3348 minen
255 3311 307 3361 quo
320 3298 424 3367 issent,
439 3299 590 3352 inocculto
633 3297 782 3351 rescisset.

67 3370 157 3436 esset,
169 3378 198 3418 ct
211 3379 264 3418 uon
275 3376 331 3418 tem
343 3369 495 3435 aufugisse,
511 3382 590 3432 quam
683 3366 785 3425 ierant]
817 3365 844 3414 11.
867 3377 894 3415 e.
923 3360 967 3416 ire
995 3367 1151 3428 coeperant.

67 3437 143 3488 inter
157 3445 260 3488 tantam
273 3437 469 3489 multitudinem
483 3438 591 3502 disper·
632 3435 703 3487 Nem
719 3433 840 3495 conquiri
858 3432 1036 3502 iubebantur,
1059 3441 1091 3484 ut
1104 3435 1152 3499 qui

67 3504 97 3558 ei
109 3519 175 3556 esse
186 3506 360 3557 viderenturt
633 3508 749 3557 nondum
769 3517 784 3552 e
806 3503 905 3554 finibus
920 3504 1027 3567 egressi
1048 3506 1150 3554 essent.

123 3576 325 3635 existimarent]
356 3576 397 3626 De
416 3572 592 3626 coniunctlvo
686 3573 808 3636 purgati]
837 3574 908 3635 queo
929 3584 978 3634 per
997 3573 1066 3622 fines
1087 3584 1153 3624 suos

69 3645 110 3696 ot.
129 3647 165 3697 ad
185 3647 219 3712 2,
237 3647 272 3695 ³3
291 3645 351 3706 §.2
372 3644 592 3708 (crediderant)
633 3641 676 3695 ire
689 3643 963 3706 fttgientescaessris
977 3644 1070 3693 hostes
1084 3656 1153 3705 pas-

68 3714 155 3768 mett.
634 3712 775 3764 siesseut.
808 3708 1044 3780 cr.t‚1s.o,e.
1065 3709 1153 3780 uie,

126 3785 193 3846 cap.
206 3781 250 3834 28.
274 3779 301 3842 S.
317 3783 343 3831 1.
375 3780 485 3843 resciit]
508 3779 592 3836 oellli
634 3783 731 3847 quibus
751 3779 821 3831 locis
841 3781 926 3846 legati
952 3796 971 3833 a
993 3779 1152 3832 civitatibus

71 3861 117 3905 est
136 3863 224 3918 vere,
249 3860 281 3902 ut
299 3851 411 3920 opinor,
434 3853 593 3904 observatio
632 3852 848 3919 purpuratam
868 3864 953 3904 eausa
965 3851 1043 3902 missi
1054 3853 1153 3902 dicun-

71 3929 105 3987 2,
129 3925 181 3989 1⁹,
208 3935 270 3973 eum
288 3920 400 3985 proprie
416 3921 529 3973 rescire
548 3923 594 3973 di·
635 3924 939 3987 triumuiratum
955 3922 1055 3986 aliquid
1068 3933 1152 3971 excu-

72 3993 116 4056 11,
136 3993 185 4056 qui
204 3991 308 4042 iactum
326 3991 437 4053 aliquod
457 3992 593 4043 occultius
634 3999 739 4044 serent.
1191 4053 1193 4056 Ι

72 4068 120 4112 eut
161 4060 329 4121 inopinatum
373 4061 593 4128 imperatumque
685 4062 828 4125 reductos]
852 4059 1099 4126 insenumomncs,
1116 4068 1154 4112 au
1247 4051 1264 4082 ⁸

73 4132 231 4197 cognoscet.
279 4130 328 4183 sio
352 4129 436 4186 ctiam
456 4129 536 4195 lliep·
557 4134 593 4186 iit
634 4137 750 4195 perum.
