2572 4688
148 280 218 351 326
249 384 253 391 .
416 264 488 347 nli
513 270 694 348 sssano
714 266 976 351 mimico

182 468 277 525 disee.
300 467 465 537 (pdtflpoos
487 465 585 524 Μαί*
603 467 699 523 cisso.
721 468 799 536 nips
822 470 867 524 iu.
890 470 996 524 Graes.
1018 470 1110 533 Dav.)
1138 471 1228 524 veniit

163 582 168 607 ÷
183 550 281 604 nereo
295 540 379 593 voss.
397 543 432 592 A.
446 537 528 594 (iser.
543 543 616 593 nuk.
629 543 716 595 voss.
732 541 766 599 Β.
781 539 844 593 Aio.
859 542 889 593 et
904 542 965 595 alii.-
986 542 1106 603 [num.
1115 542 1191 595 vrso
1202 545 1230 592 Β.

184 623 203 663 a
219 622 255 660 ιιι.
272 622 296 659 s.
314 609 394 663 Goth.
411 613 446 660 A.
463 610 546 661 Viod.
564 612 597 662 D.
614 610 675 660 edd.
691 617 756 660 ante
771 611 833 661 Aid.
844 623 939 674 margo
954 610 1003 660 Gr.
1016 622 1044 662 a.
1055 608 1105 660 Gir.
1118 612 1145 660 b.
1159 613 1229 662 Turr.

188 680 287 733 roten
301 681 342 741 V.
356 677 387 732 0.
399 680 535 747 Souanoi.
560 679 674 753 Vacptts
686 679 722 741 Y.
736 678 768 733 0.
781 678 874 732 ciacc.
902 679 1045 731 vocitante
1059 680 1133 731 suns
1146 680 1230 730 Ciaco.

124 806 126 811 ,
186 744 381 803 omninno.
405 740 490 801 onais
505 747 588 801 Vind.
606 748 629 799 1.
656 742 755 799 Viuite
772 747 830 810 cl.)
857 750 948 815 Vnipo
963 748 1072 807 additur
1089 761 1193 813 quoque
1206 750 1230 799 in

182 810 385 881 recentioribus
401 829 492 873 nonno
503 813 573 867 iis.“
596 816 796 883 (praepositum
813 817 914 869 nomini
929 819 1028 869 nonem
1046 817 1082 868 v.
1099 816 1132 870 c.
1149 820 1231 868 somn.

162 888 270 951 ,lions
294 882 326 949 (i.
350 890 406 937 sec.
431 886 486 937 Con
507 920 515 936 .
539 886 619 939 Goth.
642 886 676 937 A.
697 876 782 945 vrso.
798 886 833 940 li.
850 894 893 950 et,
916 885 962 950 pni
978 882 1099 955 unipes,
1128 888 1174 938 Dr.
1190 888 1231 945 Β.)

187 954 252 1019 lpse
270 938 343 1021 dud.
359 948 477 1019 Vasates
491 955 620 1023 scripsit,
631 952 805 1008 'diaconum
817 962 845 1006 et
857 955 1015 1008 Cluverinm
1030 958 1162 1025 secutus,
1179 957 1231 1009 ior-

122 1070 126 1079 .
189 1027 322 1089 tanseat
345 1035 514 1087 consensum,
531 1025 655 1077 efiiceret
677 1024 841 1087 scriptorum
864 1024 988 1075 veterum
1004 1024 1034 1077 in'
1051 1022 1136 1087 patrii
1152 1025 1232 1077 smnis

251 1091 314 1161 ine,
343 1088 429 1163 φέρ’
444 1094 516 1158 apud
540 1090 665 1145 Tacitum
688 1097 761 1146 Anu.
774 1096 844 1161 2‚6
867 1094 962 1155 [cuins
978 1094 1071 1144 mmcd
1095 1094 1126 1144 io
1148 1096 1232 1144 codice

152 1195 155 1207 ·
215 1160 491 1227 aidoemscriptum
504 1172 613 1217 exstare
624 1162 707 1214 tradit
718 1162 829 1230 Furia),
846 1161 1003 1214 Eumenium
1011 1160 1116 1226 Pane'g.
1127 1158 1156 1213 io
1168 1162 1232 1215 con·

187 1228 275 1289 anni.
300 1244 325 1282 c.
338 1230 364 1283 8-
375 1239 409 1293 ¹et
433 1232 564 1285 Pacatum
581 1234 682 1297 Paneg.
699 1232 727 1287 in
744 1232 877 1286 ditandos.
894 1244 919 1283 o.
932 1228 958 1282 5.
987 1230 1127 1295 Vahalem
1145 1235 1233 1295 eppei·

188 1300 277 1355 letum
300 1298 415 1352 videret.
448 1302 503 1352 sed
526 1304 563 1355 ci.
585 1300 745 1355 Schneideri.
764 1302 884 1355 (iesum.
908 1298 1002 1351 Lati
1026 1313 1054 1362 p.
1068 1302 1133 1352 2⁰3.
1174 1300 1233 1351 iiiiii

189 1379 243 1421 oon
262 1368 306 1419 esi
323 1366 386 1419 nise
402 1366 541 1425 causacio
557 1371 715 1432 optimorum
730 1370 871 1435 utriusque
889 1367 1002 1434 generis
1025 1368 1152 1419 codicum
1174 1382 1234 1420 con-

189 1450 275 1491 sensu
292 1436 456 1503 discedendi.
490 1438 869 1503 nocentiorus'oudendorpii
885 1438 1051 1505 scriptorem
1065 1441 1216 1490 tennerunt.

223 1502 355 1577 imolam]
372 1509 436 1559 ,Pet
453 1509 506 1561 01.
523 1508 550 1560 Β.
568 1508 603 1561 Ν.
620 1498 689 1575 nso.
706 1517 735 1579 ct
750 1521 820 1561 unns
836 1521 873 1558 ex
889 1505 994 1559 duobus
1011 1504 1150 1559 Bodirierii
1164 1506 1235 1559 codi-

190 1573 292 1641 oibos‚·
319 1586 437 1641 quornm
449 1574 589 1632 ,lectiones
610 1578 756 1631 nonnullas
778 1588 925 1643 possessor
943 1587 959 1624 e
976 1574 1103 1629 Francia
1119 1576 1155 1627 sd
1173 1576 1236 1627 oud.

189 1644 319 1710 miserat,
344 1642 379 1695 V.
389 1640 428 1696 c.
443 1646 586 1713 sambuci,
610 1644 725 1697 Aimoin.
742 1645 804 1699 'Ain
822 1653 851 1696 st
867 1659 924 1711 sqq.
943 1646 1031 1709 usqne
1048 1644 1088 1695 ad
1104 1644 1172 1697 ond.
1189 1658 1235 1697 on.

191 1726 254 1766 cum
275 1714 383 1781 duobus
398 1716 579 1785 ‚sequentibus
601 1714 745 1767 vocabulis
773 1715 857 1768 Vind.
878 1715 910 1766 c.
940 1712 1039 1765 instas
1063 1724 1151 1779 quom
1172 1715 1237 1765 And.

189 1781 286 1838 inem
309 1794 383 1847 puae
405 1783 468 1835 Par.
490 1786 524 1835 A.
551 1785 702 1850 inuiaque
724 1784 787 1836 Par.
811 1783 842 1833 Β.
869 1782 995 1835 incedam
1013 1790 1088 1848 pone
1106 1785 1189 1837 Voss.
1204 1784 1235 1832 A.

190 1862 251 1903 seo.
273 1850 356 1917 Fons.
377 1855 459 1921 yrpt,
480 1854 513 1923 Β.
542 1853 740 1921 ineuiompoae
762 1855 847 1918 Bong.
864 1853 899 1903 A
930 1860 986 1923 qne
1001 1842 1130 1903 incedam
1147 1852 1236 1902 nemo.

190 1919 374 1987 domumque·
387 1918 501 1990 reliqui,
524 1925 583 1974 odd.
603 1932 666 1975 ante
683 1922 745 1973 Aid.
763 1921 832 1972 ond.
847 1929 876 1972 et
892 1918 1060 1971 recentiores
1077 1921 1207 1972 nonnulli.

226 1988 328 2049 einen]
353 1988 484 2057 efficiens
500 1991 582 2043 vind.
600 1996 635 2043 Α.
654 1990 743 2045 tribus
759 1989 888 2047 emonis
901 1988 1002 2041 litteris
1017 1988 1054 2042 ab
1067 1990 1163 2043 eadem
1183 1998 1237 2040 na-

191 2069 246 2121 ao,
269 2059 319 2108 sed
335 2061 426 2112 altero
440 2058 586 2123 scriptione
604 2058 715 2113 additis.

225 2126 412 2190 Vatavorum]
435 2131 546 2197 „Boou
566 2129 637 2183 And.
661 2130 723 2180 Pet.
739 2127 817 2193 Egm.
838 2118 978 2190 aiiiqne.'“
1009 2123 1086 2177 doto.
1102 2126 1189 2180 voss.
1209 2127 1240 2176 A.

191 2192 271 2256 item.
287 2196 372 2259 song.
391 2198 426 2250 A.
444 2198 507 2250 Par.
522 2201 557 2249 A.
572 2198 625 2249 Gu-
640 2197 720 2249 Vrat.
737 2198 772 2247 A.
790 2196 870 2247 (ioth.
886 2196 920 2245 A.
945 2195 1131 2249 Voianorum
1146 2196 1194 2246 Dr.
1209 2197 1240 2244 A.

190 2260 272 2313 Vrat.
289 2265 320 2313 Β.
337 2265 418 2317 Vind.
431 2267 462 2316 Β.
478 2268 520 2317 ed.
537 2268 568 2317 Ρ.
586 2268 690 2333 Manut.
714 2267 892 2316 asianorum
908 2262 957 2315 Dr.
975 2263 1007 2314 li.
1025 2264 1112 2317 Vind.
1132 2265 1165 2316 Β.
1190 2276 1241 2315 na·

190 2332 329 2385 dovoram
346 2335 429 2398 Bong.
447 2334 479 2387 c.
497 2347 556 2386 sec.
572 2334 658 2386 cond.
685 2334 870 2389 Batauorum
887 2331 984 2384 nano.
998 2333 1083 2385 Vind.
1100 2333 1123 2385 1.
1153 2334 1239 2385 Bato-

190 2410 297 2452 oornm
319 2402 357 2453 V.
381 2402 413 2455 c.
436 2400 579 2470 sambuci,
609 2405 668 2457 cod·
691 2404 783 2453 lirant.
807 2403 888 2455 Vrot.
904 2399 938 2454 0.
956 2402 1037 2453 Goth.
1055 2404 1087 2452 B.
1109 2401 1191 2454 Vind.
1208 2405 1239 2452 A.

189 2464 308 2524 Aimoin.
324 2474 352 2522 et
368 2485 434 2536 pars
451 2474 734 2536 Oudendorpianorum
747 2485 808 2522 cum
821 2473 881 2523 cdd.
893 2482 1010 2534 excepto
1023 2472 1053 2521 P.
1068 2474 1143 2523 Man.
1189 2472 1239 2521 *ni-

190 2524 259 2602 itns‚
281 2551 352 2603 qnae
374 2541 510 2606 scriptura
535 2543 778 2607 sponsionum,
799 2541 975 2604 lunensium,
997 2541 1174 2607 Martialem,
1198 2541 1238 2591 si·

191 2606 273 2673 lium,
297 2608 436 2676 nocitum,
460 2611 592 2677 Plinium,
616 2611 772 2662 Suetonium
789 2619 817 2662 st
829 2611 858 2662 in
871 2609 1094 2671 inscriptionibus
1108 2614 1165 2661 tam
1177 2622 1240 2660 con·

192 2676 271 2728 stane
287 2683 464 2745 tempneusn
483 2682 511 2731 et
528 2692 662 2730 consensu
680 2688 792 2743 recepta
811 2687 871 2747 ost,
894 2686 925 2729 nt
941 2680 1011 2730 ond.
1029 2679 1239 2742 discrepantium

192 2744 219 2796 Β.
243 2744 263 2796 Ι.
286 2748 409 2799 codicum
431 2758 485 2799 non
508 2751 587 2801 modo
611 2749 743 2801 rationem
766 2748 933 2812 habendam,
961 2750 1011 2799 sed
1028 2761 1064 2798 ne
1081 2750 1239 2801 mentionem

193 2813 302 2879 puidam
325 2818 455 2870 soonrote'
476 2817 631 2870 taciendam
656 2817 866 2868 existimaverit.
899 2815 1001 2867 Atilio
1019 2828 1175 2869 consensus
1191 2830 1241 2868 non

193 2882 321 2955 impedit,
346 2884 511 2951 quominus
534 2888 607 2951 quod
628 2885 693 2937 inda
715 2889 752 2938 ab
775 2893 892 2937 exeunte
915 2885 999 2936 Vrbis
1025 2889 1122 2938 sscnio
1146 2896 1242 2939 octavo

102 2966 105 2973 ’
192 2952 303 3008 Basti
318 2956 434 3007 sonabat·
451 2968 564 3019 nomen,
586 2955 614 3006 id
632 2964 739 3006 centuni
756 2956 835 3005 annis
852 2963 916 3005 ante
931 2954 1037 3007 Veiovi
1054 2956 1185 3007 sonuisse
1198 2967 1242 3006 co-

193 3022 299 3074 dicibus
316 3023 513 3087 antiquissimis
529 3025 688 3090 credamus,
712 3024 874 3090 praesertim
890 3036 951 3074 cnm
968 3026 1126 3087 prosodiam
1141 3036 1243 3090 qnoque

192 3091 334 3143 mutationi
351 3092 493 3145 obnoxiam
509 3094 599 3146 rutsss
616 3096 712 3145 doceat
728 3093 833 3145 Lucani
849 3105 948 3142 versus
968 3096 994 3152 1.
1011 3091 1063 3145 tsi
1086 3095 1244 3161 Vanptones

192 3161 355 3228 Batavique
375 3165 476 3215 truces
488 3185 522 3201 -
547 3165 666 3214 conatus
690 3175 751 3214 cum
776 3162 916 3212 iuvenalis
931 3160 963 3227 8,
982 3162 1017 3213 dl
1033 3184 1074 3211 .·-
1087 3166 1244 3230 &mitique

192 3231 315 3299 Bataui,
338 3231 398 3282 suti
412 3235 446 3300 Β,
462 3232 516 3284 608
533 3256 566 3271 -
578 3232 814 3299 praeformidate
829 3233 942 3283 Batavo
957 3238 985 3279 et
1002 3232 1142 3283 Martialis
1157 3234 1184 3299 8,
1201 3237 1241 3296 ³³,

192 3300 230 3350 20
246 3299 290 3351 nt
305 3303 400 3354 motai
414 3301 518 3354 Latine
533 3314 635 3368 spemn
653 3303 767 3353 Batava
783 3313 887 3357 corteno.
917 3299 1013 3363 itaque
1028 3311 1063 3351 ae
1081 3302 1242 3367 sicquidem

193 3366 385 3421 discedendum
402 3383 420 3422 a
436 3371 566 3422 librorum
584 3371 747 3421 auctoritate
765 3369 869 3432 putavi.
902 3366 1051 3421 Praeterea
1068 3371 1122 3421 dno
1138 3373 1166 3421 ir.
1180 3373 1200 3422 l.
1215 3372 1243 3421 in

194 3437 333 3489 codicibus
351 3440 535 3493 additamenta
551 3439 695 3502 scriptoris
711 3438 804 3489 verbis
823 3446 928 3491 attexta
944 3445 1023 3503 sunt,
1048 3451 1132 3490 unum
1151 3440 1242 3504 agnito

194 3506 278 3557 isciie
295 3510 323 3558 et
340 3511 410 3572 quod
428 3509 495 3561 ouili
512 3510 644 3560 editorum
661 3506 751 3560 iraudi
767 3507 836 3575 init,
863 3519 936 3574 quoe
955 3506 1124 3571 adpeilotur
1137 3510 1243 3576 Baton,

194 3576 267 3639 quod
292 3577 360 3627 (iud.
383 3579 412 3630 in
433 3578 510 3630 Leid.
529 3581 559 3629 Β.
576 3579 661 3630 Voss.
677 3579 709 3628 Β.
724 3586 753 3629 et
768 3574 797 3627 in
811 3576 905 3627 eodem
921 3575 970 3627 ilio
987 3577 1125 3629 Bouhierii
1142 3579 1243 3644 codice,

194 3644 240 3707 qui
254 3644 379 3701 immam
395 3649 491 3716 nabet,
515 3646 634 3699 additum
651 3646 786 3712 ostendit,
812 3659 864 3697 ssu
880 3657 953 3710 quoe
965 3646 1051 3713 υιιιρο
1066 3647 1181 3699 dicim
1196 3650 1244 3700 bo·

193 3714 263 3778 eoa,
293 3722 324 3767 nt
348 3716 376 3768 in
401 3718 481 3768 Goth.
503 3720 539 3769 A.
558 3723 587 3768 et
603 3715 728 3779 praeciso
745 3727 819 3781 poue
835 3716 864 3767 in
879 3714 962 3767 vtod.
981 3713 1032 3782 c.‚
1057 3729 1108 3768 ssu
1126 3729 1201 3781 puae
1213 3732 1241 3769 n.

193 3781 224 3839 d.
241 3783 363 3853 omaro,
385 3793 416 3838 nt
432 3785 461 3837 in
478 3786 525 3837 Dr.
543 3787 574 3835 Β.
589 3784 673 3837 Vind.
688 3785 737 3848 Rp
761 3796 811 3836 seu
827 3782 992 3849 -tatasa,
1018 3785 1094 3837 utin
1111 3786 1196 3852 Bong-
1212 3787 1243 3839 0.

192 3861 251 3903 seo.
268 3852 371 3922 cond„
394 3868 444 3906 sen
461 3868 534 3922 puae
550 3855 665 3908 rustico
678 3865 814 3906 somnone
830 3854 954 3904 vocetur
969 3854 1101 3920 Βαττιια,
1123 3864 1156 3906 nt
1172 3854 1242 3920 npud

192 3919 347 3974 aimoinum
362 3922 406 3975 iiio
423 3926 590 3976 desinentem
601 3924 717 3989 legitote
739 3924 854 3974 aiterum
870 3920 903 3972 in
920 3920 1242 3992 commouentius,

155 4009 156 4013 ¹
192 3990 264 4053 qood
287 3990 337 4042 Dr.
359 3991 391 4042 Β.
414 3994 495 4044 Vind.
517 3993 568 4058 Aa,
589 4006 640 4045 sen
656 3992 744 4059 inque
767 3991 910 4044 oceanum
925 3991 1041 4058 tonsu,
1067 3996 1139 4056 quod
1157 3996 1194 4046 v.
1211 3995 1240 4046 c.

191 4059 335 4125 minoi,
367 4075 417 4114 sen
440 4063 471 4114 in
494 4062 638 4118 Oceanum
660 4060 775 4128 inlinit,
803 4062 873 4125 qnod
894 4060 994 4127 reliqui
1012 4070 1107 4113 omnes
1130 4067 1242 4127 praetor

192 4129 264 4190 ΑΜ·
280 4137 308 4184 et
325 4129 390 4185 iilos
406 4145 473 4200 sex,
498 4133 527 4187 io
542 4131 782 4202 puioustssutoso
796 4140 848 4196 pro
863 4129 1178 4203 immissione,
1193 4145 1240 4186 ex·
