2572 4688
438 239 547 317 nro.
572 238 622 315 u.
665 240 841 318 cane
1036 274 1039 283 .
1097 242 1185 343 'raa

89 432 176 501 liam
207 428 269 521 qui
298 428 499 516 deduceret,
538 432 702 522 Quintum
724 431 869 503 Pedium
896 434 1046 521 legatum
1075 434 1182 527 misit.

89 521 194 611 Ipse,
222 521 457 609 cumprimum
474 520 592 610 pabuli
605 544 644 591 co
670 523 703 589 ia
717 544 793 591 esse
813 522 996 612 inciperet,
1026 521 1069 589 all
1089 545 1184 591 exer·
1205 519 1227 583 2

90 613 199 675 citum
220 608 332 690 venite
367 606 427 675 dat
440 610 612 696 negotium
662 610 824 678 enonibus
836 612 901 678 reli
928 611 1048 700 uisque
1061 609 1185 693 Gallis,

90 697 154 785 qui
167 696 307 763 finitimi
320 694 437 782 Belgis
453 704 568 781 erant,
589 699 643 765 uti
656 720 707 781 ea,
728 720 814 786 quae
829 634 925 787 epoti
937 719 995 764 eos
1012 705 1184 784 gerantur,
1237 746 1241 771 ι

91 789 301 870 cognoscant
320 804 425 872 seque
451 782 493 851 de
515 785 570 852 his
592 785 695 853 rebus
716 786 894 853 certiorem
921 784 1059 856 iaciant.
1134 784 1186 852 Hi
1197 783 1227 845 ιδ

91 879 292 940 constanter
311 892 427 941 omnes
441 873 682 942 nuntiaverunt
694 895 815 941 manus
831 873 924 960 cogi,
946 873 1133 959 exercitum
1148 873 1186 941 in

128 1046 273 1102 tectorem
283 1062 319 1100 ex
331 1050 392 1101 edd.
406 1047 502 1114 primis
515 1048 646 1101 restituit,
679 1050 756 1103 luem
767 1050 836 1103 oud.
848 1048 938 1114 magis
953 1048 1076 1101 codicum
1089 1060 1186 1119 causa,

128 1131 211 1184 quam
231 1119 301 1182 quod
320 1133 370 1183 per
389 1133 420 1170 se
434 1119 503 1170 satis
518 1119 658 1182 probabile
673 1123 799 1187 putaret,
817 1119 913 1170 tenuit.
946 1121 1000 1171 Sed
1013 1121 1189 1173 anteriorem

128 1188 251 1239 Galliam
262 1186 368 1240 Caesar
381 1191 415 1257 1,
431 1192 450 1242 7
462 1196 490 1238 et
503 1190 540 1241 to
553 1196 581 1239 et
594 1188 654 1249 civ.
669 1190 703 1253 1,
721 1192 756 1239 33
769 1201 829 1241 eam
842 1189 925 1250 dicit,
948 1202 1029 1253 quem
1043 1191 1102 1240 lere
1113 1201 1189 1254 pro-

128 1256 257 1309 uinciam
274 1258 392 1321 vocitat3
421 1256 450 1308 in
469 1257 640 1321 provinciam
659 1264 749 1310 autern
768 1260 906 1310 ducendas
924 1255 1044 1310 fortasse
1063 1260 1187 1322 legiones

129 1327 240 1389 accepit
258 1325 375 1394 Pedius,
398 1326 463 1390 quia
481 1340 531 1391 per
549 1340 610 1378 eam
625 1327 680 1378 iter
692 1329 727 1377 acl
742 1327 892 1378 exercitum
905 1336 980 1395 erat,
1005 1328 1188 1381 deducendae

131 1407 199 1446 vero
219 1397 290 1446 baud
304 1397 384 1448 cubic
395 1395 479 1463 illuc,
501 1395 548 1446 ubi
560 1396 699 1448 exercitus
712 1397 820 1447 iuturus
835 1404 925 1461 esset,
943 1398 1008 1446 be.
1022 1398 1050 1448 iu
1063 1397 1188 1450 interio-

129 1477 196 1517 rem
217 1464 352 1533 Galliam,
374 1479 425 1515 seu
442 1466 471 1516 in
490 1472 583 1529 partes
597 1468 690 1516 terrae
703 1466 810 1517 Galliae
823 1467 1038 1517 mediterraneas
1052 1475 1080 1517 et
1094 1480 1112 1519 a
1124 1466 1189 1517 lini-

130 1536 184 1585 bus
202 1534 361 1597 provinciae
378 1533 556 1599 remotiores,
578 1548 647 1598 quas
665 1542 740 1585 certo
759 1536 864 1585 nomine
878 1537 1076 1602 sequanorum,
1099 1537 1187 1586 Seno-

131 1617 195 1654 num
211 1603 303 1655 aliove
316 1602 459 1669 designare
474 1604 579 1656 Caesar
592 1612 738 1667 propterea
751 1615 804 1653 non
816 1607 931 1666 poterat,
952 1606 1022 1666 quod
1035 1604 1187 1672 nesciebat,

131 1672 179 1722 ubi
190 1671 250 1735 ipse
263 1674 373 1724 iuturus
384 1681 460 1724 esset
473 1680 545 1739 tum,
563 1684 624 1723 cum
637 1673 735 1724 Pedius
749 1686 797 1736 per
812 1673 979 1735 provinciam
992 1674 1114 1737 legiones
1128 1680 1187 1725 tra-

132 1741 265 1792 duxisset.
306 1743 406 1793 nauem
433 1742 632 1807 significatione
653 1743 826 1803 Britannice
844 1755 918 1808 poro
938 1741 1068 1795 interior
1087 1741 1187 1794 dicitur

132 1808 167 1879 ⁵,
187 1812 220 1860 12
238 1810 350 1874 eiusque
363 1811 470 1863 incolae
482 1809 641 1863 interiores
655 1813 690 1861 ib.
705 1811 748 1863 14.

168 1877 195 1938 S.
208 1881 237 1929 ².
269 1880 389 1941 finitimi]
413 1878 529 1946 finitum
542 1881 625 1931 Boon.
648 1878 776 1945 finitumi
788 1878 856 1930 Oud.
870 1883 896 1930 2.

167 1947 196 2008 S.
210 1951 237 1998 3.
271 1948 434 2015 exercitum]
459 1949 680 2016 ementiumque
699 1951 782 2013 Bong.
794 1949 826 1999 G.
849 1947 1057 2013 coercitorque
1071 1945 1187 1998 num.

84 2066 87 2073 .
134 2016 212 2068 Laid.
224 2017 254 2064 Β.
267 2016 317 2069 Dr.
329 2019 360 2067 Β.
367 2017 450 2071 vinu.
466 2016 546 2069 GDF.
560 2020 620 2068 edd.
633 2019 811 2071 anteveni.
825 2017 888 2069 illd.
899 2019 988 2068 Vasc.
1000 2019 1090 2079 steph.
1104 2015 1155 2067 (ir.
1161 2017 1189 2067 b.

134 2084 285 2138 coercitas
297 2086 365 2137 boii
377 2088 412 2136 A.
424 2087 452 2135 s.
466 2085 551 2137 Voss.
563 2088 620 2136 AB.
633 2088 707 2138 Dok.
719 2087 770 2139 (lx.
784 2087 858 2138 liar.
870 2088 904 2136 A·
913 2086 996 2137 Vini.
1009 2087 1044 2137 A.
1059 2086 1140 2135 Goon
1153 2087 1189 2135 A.

134 2156 206 2206 Ven.
227 2155 248 2204 f.
267 2154 316 2204 Gr·
336 2168 364 2208 a.
385 2156 464 2206 Turn.
483 2157 514 2208 P.
528 2157 601 2207 blan.
614 2158 676 2207 Ald.
688 2170 749 2219 nep.
763 2155 839 2217 bips.
851 2156 955 2205 Iliberl.
966 2154 1085 2222 Plurali,
1109 2164 1190 2218 quem

135 2222 204 2275 ond.
225 2235 330 2286 quoque
351 2232 380 2275 et
397 2225 518 2276 Hetdiue
531 2224 583 2274 sibi
599 2225 709 2287 probari
722 2227 911 2288 ostenderunt,
930 2232 957 2274 et
970 2223 1078 2274 llirtius
1092 2222 1124 2273 de
1136 2222 1190 2272 iis-

134 2293 196 2343 dem
215 2291 309 2355 Belgis
329 2306 397 2344 usus
411 2302 454 2344 est
473 2294 506 2359 8,
523 2297 557 2344 b:
583 2294 750 2346 Bellovacos
764 2319 799 2333 -
812 2292 1009 2360 finitimasque
1021 2292 1067 2342 bis
1083 2291 1191 2344 civita-

136 2362 379 2415 tee-enercituo
393 2374 566 2428 comparare
578 2366 666 2430 atque
683 2365 715 2415 in
727 2377 816 2414 unum
827 2365 922 2415 iocum
935 2373 1056 2429 cogere,
1076 2369 1105 2411 et
1117 2360 1190 2412 Gae-

137 2443 184 2482 sar
201 2431 241 2482 nti
260 2430 286 2480 b.
300 2432 320 2482 1.
335 2431 438 2496 potnit,
455 2436 485 2482 ut
499 2432 622 2496 singulas
636 2433 763 2485 civitates
777 2432 899 2495 singulos
912 2431 1052 2482 exercitus
1064 2429 1190 2482 manibus

135 2498 238 2562 aliquot
250 2500 354 2552 coactis
369 2501 495 2551 effecisse
509 2514 609 2565 eosque
622 2514 715 2551 omnes
728 2516 810 2553 unum
821 2501 850 2552 in
864 2503 955 2552 locum
968 2499 1131 2553 conduxisse
1150 2499 1190 2548 si-

136 2569 289 2633 gnificaret.
328 2570 382 2620 Sed
401 2573 454 2620 boe
474 2570 562 2632 ipsum
582 2571 676 2621 nescio
695 2583 731 2622 an
747 2571 820 2620 iusto
839 2571 962 2634 argutius
975 2583 1038 2619 esse
1052 2568 1192 2633 putaverit

137 2648 181 2700 et,
199 2653 260 2688 cnm
274 2645 366 2689 tamen
378 2651 470 2691 omnes
483 2639 525 2690 illi
539 2639 675 2689 exercitus
688 2638 802 2703 denique
814 2637 842 2688 in
854 2652 936 2689 unum
953 2638 1191 2704 coniungerentur,

137 2706 316 2758 differentiam
335 2708 408 2758 inter
425 2721 523 2760 manus
543 2716 571 2777 et
589 2707 725 2759 exercitus
742 2708 805 2757 illos
824 2707 943 2759 minores
956 2707 1070 2758 missam
1083 2705 1191 2756 faciens

139 2776 299 2839 simpliciter
311 2776 355 2840 id,
373 2778 442 2841 quod
457 2786 607 2829 extremum
621 2786 648 2828 et
662 2790 794 2828 summum
807 2783 882 2843 erat,
899 2777 1041 2827 declarare
1054 2772 1191 2826 maluerit.

137 2848 319 2913 Quanquam,
338 2847 502 2898 exercitum
519 2848 544 2896 si
557 2846 685 2912 scripsit,
702 2847 785 2897 etism
796 2846 936 2897 diversam
947 2858 966 2895 a
978 2844 1102 2895 manibus
1115 2857 1192 2901 eam-

138 2929 191 2980 qne
209 2915 340 2966 maiorem
358 2917 557 2967 multitudinem
576 2917 657 2968 simul
672 2914 817 2980 cumillis,
839 2917 888 2966 sed
901 2915 1024 2965 nnumin
1037 2915 1127 2965 locum
1140 2912 1191 2965 'co-

137 2987 253 3050 gendam
264 2987 292 3034 ct
303 2998 373 3048 quae
385 2986 452 3037 iusti
467 2987 605 3037 exercitus
618 2985 705 3036 instar
717 2993 808 3049 esset,
824 2984 853 3035 ln
867 2985 956 3036 animo
971 2985 1071 3034 habere
1088 2983 1191 3048 potuit3

139 3067 222 3117 quam
241 3053 270 3104 in
292 3056 453 3107 sententiam
472 3056 522 3107 illa
541 3053 870 3129 3,17dictavidentnr:
895 3054 941 3104 bie
951 3055 1095 3118 proceret
1110 3052 1192 3105 Vtri-

138 3123 229 3175 docio
253 3135 288 3173 ae
311 3136 451 3176 summam
474 3123 591 3190 imperii
612 3124 727 3176 tenebat
747 3137 850 3175 serrem
872 3123 998 3174 omnium
1024 3122 1190 3188 civitatum,

139 3205 212 3259 owe
233 3193 420 3262 defecerant,
444 3208 483 3247 ec
498 3195 598 3261 quibem
612 3194 777 3245 coercitum
788 3192 962 3260 magnasque
976 3192 1072 3257 copiae
1089 3195 1191 3259 coege-

138 3264 200 3315 rat.
242 3263 318 3322 Quae
338 3276 399 3315 cum
417 3265 457 3316 ita
475 3264 546 3330 sint,
570 3264 713 3315 lectionem
733 3275 827 3314 eorum
846 3262 992 3329 librorum,
1016 3261 1063 3325 qui
1080 3276 1111 3313 se
1129 3274 1191 3312 cum

141 3333 264 3389 omnino,
290 3339 346 3382 tum
365 3333 512 3398 praecipue
531 3337 582 3386 bac
601 3333 630 3386 in
643 3341 721 3399 parte
734 3333 895 3398 integriores
909 3338 1067 3400 praestant,
1094 3339 1191 3383 tenen-

139 3402 203 3453 dam
215 3400 380 3454 existimavi.

103 3554 209 3608 iueum
221 3556 312 3607 locum
324 3554 450 3621 misisse,
470 3553 500 3607 in
513 3567 567 3619 quo
579 3568 626 3608 re·
721 3554 749 3616 s.
774 3559 801 3605 2.
842 3551 989 3616 inciperet]
1019 3549 1194 3605 coniunctivi

105 3638 174 3676 cens
199 3627 370 3688 conscriptae
402 3627 473 3675 duae
503 3625 626 3689 legiones
669 3627 740 3677 ratio
765 3626 860 3674 eadem
886 3624 1012 3690 ridetur,
1039 3635 1110 3687 quae
1129 3625 1193 3685 post

106 3698 266 3761 tenderent,
293 3697 371 3758 eique
399 3695 562 3761 mandasse,
597 3697 628 3744 ut
670 3697 835 3760 antequem,
852 3693 1067 3759 prinsquamet
1080 3690 1193 3756 similia,

105 3763 174 3815 inita
186 3766 292 3815 aestate
307 3764 408 3832 se,‹1ui
424 3763 516 3814 statim
522 3764 629 3813 disces·
672 3779 733 3816 cum
746 3776 799 3813 non
814 3765 901 3813 solnm
914 3765 1032 3829 tempus,
1046 3762 1193 3813 sedetiam

107 3837 189 3884 surus
208 3841 300 3885 esset.
330 3847 392 3884 cum
412 3832 564 3897 legionibus
583 3845 629 3881 se·
672 3832 816 3885 consilium
828 3840 871 3882 est
884 3833 1102 3895 significandum:
1119 3830 1194 3882 Gae-

107 3911 246 3967 qneretnr.
281 3901 321 3961 ἓν
341 3897 436 3966 tolete
458 3900 507 3957 bert
529 3897 628 3964 iitbittss
671 3914 720 3954 sar
740 3901 933 3964 profectionem
948 3909 977 3952 et
990 3901 1097 3952 iterlta
1112 3898 1194 3951 insti-

108 3969 160 4028 att
172 3971 230 4029 bem
240 3967 351 4036 ‘iitttble
364 3968 406 4035 oi,
424 3967 458 4033 t'te
470 3969 533 4035 noti)
543 3970 629 4027 &ema
673 3972 733 4039 tuit,
745 3978 776 4022 ut
787 3983 874 4034 neque
885 3971 1017 4023 maturius
1031 3982 1119 4034 neque
1131 3972 1192 4021 tar-

109 4045 180 4099 mers
194 4039 306 4112 briaco
319 4039 348 4098 tc
363 4042 412 4098 tot
425 4036 629 4098 innereboiim
672 4042 735 4092 cius
753 4039 878 4104 veniret,
901 4052 982 4106 quam
1002 4039 1095 4106 pabuli
1114 4036 1195 4104 eopia

110 4110 275 4184 mititem·
673 4123 737 4163 esse
750 4108 892 4174 inciperet.
