2572 4688
142 274 209 345 ras
235 248 239 364 ᾖ
287 348 290 355 ,
403 267 477 343 uu
503 266 683 340 cutio
707 264 964 376 .cattrao

145 456 386 544 stramentisque
406 455 625 540 consisteret,
649 457 705 524 his
725 456 853 546 ereptis
869 457 1075 528 omnisusus
1090 451 1228 522 navium

103 549 124 614 8
145 554 376 635 unatempore
389 546 589 632 eriperetur.
660 543 840 631 Reliquum
856 551 930 610 erat
943 550 1113 609 certamen
1134 543 1230 631 posi·

116 641 217 703 reon
237 634 273 700 in
290 635 435 714 virtute,
461 653 527 719 qua
544 633 654 699 nostri
672 631 798 698 milites
811 631 909 697 facile
926 626 1154 720 superabant,
1175 635 1230 694 at*

144 741 211 810 que
233 742 273 788 eo
295 720 423 805 magis,
446 716 539 806 quod
559 720 595 785 in
614 726 795 806 conspectu
818 717 976 799 Caesaris
996 723 1099 804 atque
1117 717 1230 783 omnis

145 807 315 875 exercitus
333 826 391 873 res
414 803 611 893 gerebatur,
636 813 676 872 ut
688 807 818 872 nullum
837 807 939 894 paulo
957 805 1082 871 fortius
1098 801 1229 868 factum

103 898 125 961 9
146 895 254 962 latere
267 899 402 985 posset3
451 913 565 958 omnes
579 894 665 958 enim
680 895 784 959 colles
798 914 835 958 ac
850 895 922 959 loca
935 891 1124 981 superiora,
1137 891 1228 957 unde

130 989 220 1048 vs'rat
232 980 442 1074 propinquus
464 976 644 1067 despectus
664 978 699 1044 in
719 1000 829 1060 mare,
847 979 890 1045 ab
903 979 1052 1045 exercitu
1066 979 1229 1063 teneban-

144 1073 215 1136 tur.
302 1067 357 1136 15.
383 1064 547 1133 Disiectis
562 1075 601 1132 ut
615 1066 759 1132 diximus
774 1067 957 1147 antemnis,
977 1087 1052 1132 curn
1073 1065 1228 1150 singulas

144 1150 244 1225 binae
264 1158 302 1220 ac
324 1161 440 1219 terum
456 1175 557 1221 nares
574 1152 885 1237 circumsteterant,
904 1151 1032 1221 milites
1048 1173 1183 1220 summa
1198 1151 1227 1219 ui

162 1366 165 1371 -
210 1325 386 1389 concuteret]
409 1327 604 1381 remitterent
620 1330 669 1380 ιιι.
684 1329 720 1380 Δ.
735 1337 764 1380 ec
780 1341 798 1382 a
816 1339 852 1381 nr.
867 1341 909 1392 pr.
926 1327 1008 1381 flotin.
1020 1329 1055 1392 A.
1072 1326 1127 1379 inc.
1151 1329 1228 1381 eeeet

160 1400 248 1452 juv.
264 1400 346 1451 vind.
363 1399 398 1448 D.
412 1400 442 1450 et
458 1409 477 1448 n
493 1412 528 1448 m.
546 1411 570 1448 s.
588 1397 667 1450 (iotlu
685 1399 716 1450 il.
735 1401 795 1453 etl.
813 1406 887 1449 ente.
903 1398 976 1449 ven.
992 1398 1014 1448 i.
1046 1399 1144 1449 essent
1167 1399 1228 1448 Pul.

176 1481 234 1520 sec.
249 1466 334 1518 conii.
352 1468 436 1518 Dura.
454 1468 535 1518 Vrst.
555 1465 586 1517 (i.
604 1467 702 1518 llemb.
719 1476 747 1517 et
765 1481 782 1519 a
798 1480 834 1517 ιιι.
850 1481 891 1529 ιιι.
906 1467 986 1517 Gctli.
1005 1466 1036 1515 lt.
1053 1468 1124 1528 quod
1140 1478 1229 1528 genus

72 1573 88 1591 a
176 1535 323 1590 varietatis
332 1532 369 1663 sin
385 1535 427 1585 ιιιι
445 1534 523 1587 ιιιιιι
539 1548 593 1588 nan
608 1537 649 1588 itu
665 1537 794 1603 inquens
813 1541 867 1586 est.
900 1535 1028 1587 οιιιιιιιιι
1045 1537 1084 1586 ct.
1105 1536 1170 1586 ain.
1187 1548 1228 1585 cr.

210 1638 279 1738 cair.
297 1671 340 1724 ιι.
373 1670 400 1731 s.
422 1673 447 1722 ι.
496 1669 640 1733 rosiecle]
671 1669 856 1737 utracunque
879 1669 939 1722 ret.
977 1670 1107 1722 acuente
1131 1669 1229 1738 space

161 1743 263 1811 -vcss,
279 1742 314 1792 A.
340 1739 463 1792 discedis
480 1741 549 1791 Lbb.
580 1741 698 1794 deuictis
718 1742 813 1792 Hamb.
843 1739 962 1792 deiectis
980 1741 1051 1791 Anti.
1068 1740 1131 1790 Per.
1151 1742 1182 1789 lt.
1198 1749 1229 1790 nc

163 1811 298 1864 ¹Vrsinus
321 1807 349 1860 in
372 1812 434 1862 Not.
459 1808 624 1861 coniecerat.
664 1811 738 1860 Idem
763 1812 894 1873 probabat
910 1809 985 1861 oud.
1009 1808 1229 1873 receperuntque

63 1930 69 1935 ,
177 1876 362 1945 recentiores,
393 1876 508 1931 maxima
533 1885 645 1943 propter
659 1878 709 1929 ille
726 1893 751 1930 c.
766 1878 800 1931 ιι
816 1879 842 1940 S·
856 1881 876 1932 7
891 1882 1043 1930 antemnae
1058 1878 1229 1928 necessario

177 1947 382 2011 concidebant,
414 1959 527 2010 qaorum
550 1950 692 1997 admouere
717 1947 776 2011 ipse
800 1947 917 2009 scriptor
934 1947 1027 1997 verbis
1044 1948 1080 1996 ut
1096 1947 1229 1997 dicimur

178 2018 332 2068 videbatur.
366 2015 419 2065 Sed
432 2014 567 2076 respicies
583 2013 724 2078 sequeutia
741 2025 770 2066 et
786 2016 905 2067 diversis
924 2029 959 2066 ex
977 2014 1100 2078 partibus
1118 2015 1229 2067 ubiuis

178 2098 215 2138 ac
238 2083 332 2136 ternis
352 2081 381 2134 in
405 2081 528 2146 singulas
552 2083 652 2145 impetu
675 2083 730 2155 ita,
759 2085 805 2138 etti
821 2085 929 2138 dictam
945 2086 1007 2150 est,
1037 2083 1112 2137 iactb
1130 2085 1231 2138 disiict'

177 2156 319 2206 crtenncs
336 2162 451 2202 necesse
467 2150 552 2202 inisse
569 2151 715 2216 intelliges.

212 2223 260 2281 ac]
284 2216 352 2288 „sic
373 2220 449 2270 MSS·
466 2232 573 2285 omnes,
602 2231 655 2271 nou
671 2216 760 2272 aat.“
795 2220 856 2272 Pet.
872 2234 929 2273 sec.
946 2219 1033 2273 cont.
1050 2221 1124 2272 Gott.
1143 2223 1230 2275 voss.

179 2290 215 2340 Α.
231 2289 301 2339 Lar.
319 2299 375 2337 sec.
391 2288 471 2338 Febr.
490 2287 568 2339 Gerr.
586 2292 645 2340 ccl.
661 2288 765 2341 rums.
782 2291 864 2343 etiam
880 2291 934 2342 tiu.
947 2290 1029 2343 Vini.
1044 2289 1091 2342 ιιι.
1105 2290 1181 2343 liar.
1195 2294 1231 2342 Δ.

145 2373 149 2380 ·
179 2360 210 2412 et
223 2358 303 2419 :Eget
321 2357 401 2407 Vtut.
418 2355 449 2408 G.
471 2359 525 2408 aut
541 2358 621 2408 Vrat.
637 2359 671 2407 A.
686 2359 768 2410 Vini.
785 2359 820 2411 D.
839 2361 899 2410 eti.
917 2368 981 2410 aute
996 2360 1065 2411 oud.

213 2426 461 2488 circumsteterant]
478 2426 732 2478 circumsteterant
745 2428 808 2478 l’ar.
821 2430 855 2478 A·
878 2428 1133 2480 circunutiterant
1144 2426 1232 2480 Vina.

173 2491 211 2557 tt.
240 2493 492 2547 circumsisterent
515 2494 596 2547 carr.
620 2496 697 2546 Lali.
720 2498 755 2546 A.
780 2499 808 2546 s.
826 2495 908 2549 Vlnd.
924 2500 959 2548 Α.
975 2499 1047 2549 liar.
1064 2500 1098 2547 Α.
1116 2496 1167 2548 Gr.
1185 2498 1232 2549 ab.

176 2563 263 2614 Vasa.
287 2565 327 2613 st.
349 2563 428 2612 turr-
451 2563 526 2626 Lips.
546 2571 574 2613 ct
595 2575 654 2628 sqq.
671 2577 757 2629 nsque
773 2567 808 2616 sd
824 2565 893 2616 ond.
928 2566 962 2617 ld
977 2567 1019 2618 rei
1036 2565 1148 2629 saepius
1166 2565 1232 2616 ficri

177 2631 277 2684 solitae
293 2630 339 2680 vei
356 2629 432 2682 initio
451 2634 497 2682 vel
514 2630 708 2683 continuationi
720 2632 886 2684 couveniens
904 2637 948 2695 (v.
962 2640 996 2699 2,
1014 2637 1050 2687 20
1068 2635 1144 2700 qaod
1159 2636 1235 2686 erat

86 2716 88 2719 ¹
177 2698 305 2768 inciam,
329 2711 394 2751 cnm
410 2699 449 2752 ad
465 2713 550 2754 arma
566 2703 706 2754 concurri
720 2705 880 2767 oporteret.
914 2706 942 2769 7,
961 2707 994 2754 16
1011 2705 1230 2769 dispersosque,

83 2782 87 2786 ⁴
177 2780 243 2822 cam
264 2767 377 2836 loupiac
398 2769 563 2821 necessaria
585 2773 794 2838 procederent,
817 2772 1032 2834 adoriebatur.)
1055 2775 1082 2823 ιι.
1099 2773 1125 2824 ir
1138 2773 1241 2823 minus·

178 2848 287 2902 aptam,
319 2849 400 2900 quam
424 2841 494 2904 quod
516 2839 584 2889 ont.
602 2841 736 2904 restituit,
757 2852 808 2903 quo
826 2855 872 2891 res
889 2843 973 2891 semel
990 2843 1081 2906 tacte,
1106 2841 1157 2890 sed
1178 2851 1233 2904 quo

178 2914 298 2969 tempore
326 2906 428 2955 milites
455 2908 679 2974 contendebant,
707 2907 763 2959 iam
787 2910 822 2960 ad
844 2910 923 2960 linem
945 2912 1091 2977 perducta,
1120 2913 1152 2961 ut
1177 2921 1234 2974 par

178 2984 256 3040 erat,
286 2972 464 3037 significatur.
499 2979 566 3026 liam
588 2989 656 3028 vero
680 2990 736 3027 rem
761 2977 872 3040 saepius
897 2979 997 3029 iactam
1016 2992 1080 3028 esse
1095 2977 1233 3041 irnperio-

178 3053 253 3094 ctum
268 3041 475 3094 contendebant
491 3052 520 3094 et
537 3043 711 3096 distributiva
728 3045 808 3097 binae
824 3060 859 3098 ac
873 3049 975 3099 ternae
987 3045 1117 3114 tinnulae
1133 3055 1233 3098 asten·

180 3113 263 3178 tiunt‚
293 3119 324 3161 ut
346 3112 504 3164 observavit
520 3113 643 3164 notatus.
677 3114 898 3167 stultitiarum
915 3114 974 3176 §.b
995 3115 1121 3167 lucum
1140 3118 1233 3183 {unes

179 3180 379 3244 comprehensi
402 3185 504 3250 erant,
531 3183 824 3248 praerumpebantur.
857 3184 891 3252 4,
915 3185 950 3236 17
973 3183 1044 3236 baec
1066 3197 1133 3236 cum
1156 3184 1232 3250 dell-

179 3251 288 3315 aerat,
317 3250 472 3301 statuebat.
505 3250 538 3317 b,
556 3252 591 3304 at
615 3264 680 3302 cum
697 3252 968 3317 quaepiamccbars
991 3254 1129 3320 impetum
1148 3256 1231 3320 tece-

179 3320 251 3385 rut,
281 3318 379 3369 testes
401 3316 575 3372 uelocissime
599 3318 794 3388 resupiebant.
829 3330 871 3374 etr
900 3335 966 3374 cum
989 3322 1022 3374 in
1046 3336 1111 3376 eum
1134 3325 1231 3376 locam

179 3386 297 3442 reuerti
309 3390 482 3453 coeperant,
498 3389 809 3442 circumveniebantur.
843 3393 870 3455 ⁷,
889 3396 923 3441 22
938 3405 1010 3457 quac
1026 3394 1146 3452 (falces)
1163 3405 1231 3444 cum

180 3457 418 3525 destinauerant,
449 3459 602 3510 tormentis
625 3459 776 3511 introrsus
801 3460 985 3512 reducebant.
1021 3461 1148 3512 ceterum
1167 3463 1231 3514 cir·

180 3525 405 3595 cumrtiterant,
435 3528 504 3590 quoti
525 3527 607 3581 Victi.
624 3526 656 3580 (i.
673 3529 798 3596 exbibet,
827 3543 877 3595 per
899 3542 930 3580 se
947 3540 1001 3581 nou
1018 3527 1229 3594 improbandum.

199 3695 227 3759 S.
240 3698 267 3750 8.
302 3699 480 3762 superabant]
497 3695 540 3750 Gi.
556 3700 618 3751 adn.
631 3699 666 3752 ad
759 3699 863 3750 nullutn
887 3699 971 3761 paula
992 3699 1092 3750 tertius
1110 3700 1228 3762 tactum]

47 3775 50 3779 ’
93 3792 97 3800 ·
150 3764 208 3817 ub
226 3764 253 3825 S.
268 3769 295 3816 2.
707 3766 741 3817 ln
768 3769 810 3818 iiis
839 3769 949 3836 fortius
971 3767 1139 3823 euieccivurn
1165 3784 1229 3823 ease

200 3834 229 3885 iu
257 3836 405 3898 conspectu
433 3833 577 3896 caesaris]
612 3833 666 3886 ilic
708 3848 790 3900 posse
804 3836 1041 3891 docuitlirautius.

148 3897 203 3954 iant
232 3906 343 3964 apertus
372 3903 403 3952 fic
426 3904 462 3958 ati
485 3904 667 3956 narrationem
1115 3909 1133 3936 ι·

148 3971 292 4022 transitus.
330 3973 417 4032 Supra
434 3972 507 4024 (lictu
531 3985 584 4024 nen
601 3986 667 4023 reni
760 3969 827 4033 §.tt
864 3975 1025 4040 despectus]
1052 3970 1097 4028 Gi.
1113 3975 1176 4028 adn.
1196 3975 1233 4027 ad

148 4048 269 4106 gestam,
287 4040 336 4089 sed
348 4039 407 4089 lieri
420 4040 528 4094 solitam
540 4040 666 4096 exbibete
709 4042 742 4112 2,
759 4042 794 4094 29
812 4039 839 4106 8.
850 4045 878 4095 2.

148 4108 497 4163 ruusosuualtsmcerus.
725 4156 729 4161 .
