2572 4688
162 280 228 364 nst
379 287 481 358 ’ΒΕ
508 284 692 403 BBLLO
720 284 974 361 dnlllco

162 481 242 547 brae
261 499 301 543 ax
321 474 444 564 oppido
460 476 675 545 excursiones
689 476 858 544 faciebant
871 475 1093 564 parvulisque
1103 473 1244 565 proeliis

161 572 237 635 cuni
249 566 376 633 nostris
389 565 648 634 contendebant:
677 574 796 655 postea
809 566 898 634 valio
913 563 1037 655 pedum
1052 585 1118 636 xit.
1133 564 1170 631 iu
1182 564 1246 630 oir-

228 776 294 839 cap.
309 775 354 828 30.
378 773 404 836 S·
420 776 446 826 i.
486 775 583 837 pedum
606 774 677 834 χιι]
699 772 835 824 Numerus
856 770 974 822 omissus
993 772 1037 822 est
1055 766 1085 820 in
1103 768 1190 835 Bong.
1211 770 1244 821 A.

193 846 253 897 Pet.
274 848 350 909 Egnr·
370 847 441 895 Lov.
459 842 537 895 Leid.
559 846 592 894 ll.
612 843 742 906 quattuor
760 840 823 892 aliis
845 842 912 891 (lud.
933 842 1041 901 (doti.)
1058 841 1120 891 Pal.
1141 840 1192 889 Dr.
1211 837 1245 887 A.

194 917 274 966 Vrat.
297 912 374 964 ABG.
393 910 474 965 Goth.
494 910 524 962 B.
544 911 640 962 llamb.
661 913 745 963 Bonn.
768 911 821 964 (iu.
833 910 917 961 Vind.
938 911 1042 960 ABDE.
1058 911 1087 959 et
1107 909 1245 959 addente

194 984 265 1035 Ven.
284 984 314 1032 f..
325 984 361 1032 et
374 994 423 1044 pro
442 980 603 1047 qaindecim
615 979 725 1031 militm
737 979 765 1029 in
778 980 954 1043 sequentibus
968 978 1018 1029 Ga.
1031 991 1089 1029 sec.
1104 991 1149 1028 ex.
1162 978 1244 1028 llabr.

194 1055 223 1103 et
237 1051 319 1102 Vind.
334 1050 368 1101 A.
382 1054 487 1105 tantum
498 1062 551 1103 xor.
567 1051 704 1114 exhibent,
722 1051 792 1099 unde
804 1049 907 1100 vallum
921 1049 1010 1110 prodit
1020 1049 1127 1112 pedtdn
1137 1044 1170 1097 ia
1182 1046 1245 1096 etr·

195 1120 279 1173 cotto
302 1119 480 1186 quindecim,
504 1122 530 1170 h.
543 1131 569 1168 e.
588 1133 623 1168 ex
641 1119 770 1170 omnibns·
783 1117 812 1168 in
830 1117 945 1168 obtuitu
959 1118 1082 1180 partibus
1093 1117 1180 1180 pedes
1194 1128 1244 1166 xv.

152 1224 155 1229 -
195 1193 295 1253 altum
312 1189 444 1242 circuitus
459 1189 517 1251 ipse
530 1190 648 1252 quantus
660 1188 759 1250 inerit,
775 1186 908 1237 incertum
920 1186 1092 1249 relinquitur.
1128 1184 1162 1234 Id
1179 1193 1243 1246 pro-

193 1259 257 1311 bari
275 1261 382 1324 posset,
402 1258 428 1309 si
441 1260 577 1309 vallorum
589 1257 759 1308 altitudinem
770 1267 961 1321 nonnunquam
972 1255 1030 1307 alin
1040 1254 1071 1306 in
1083 1255 1164 1316 parte
1178 1266 1244 1313 ope-

150 1360 153 1367 ·
193 1341 254 1380 rum
275 1329 358 1394 aliam
378 1326 467 1378 tuisse
486 1329 627 1378 tonsuret
644 1327 672 1376 et
688 1338 743 1376 uon
761 1325 821 1374 sine
841 1336 927 1377 eausa
940 1325 1059 1375 additum
1068 1323 1102 1373 tn
1114 1321 1245 1373 circuitu

149 1428 153 1435 ·
166 1436 169 1443 .
193 1400 278 1448 osset.
311 1399 473 1462 Nomionem
484 1397 598 1478 vulgata
611 1393 919 1446 circuitunrmunitionis
931 1393 1065 1460 ostendit,
1080 1394 1176 1443 tantus
1190 1393 1244 1457 est,

174 1469 224 1516 =ut
243 1478 304 1516 cum
324 1467 416 1528 aliqua
434 1466 608 1516 necesmtatis
628 1465 688 1514 eius
710 1464 907 1527 significatione
921 1462 1034 1526 proponi
1050 1461 1183 1512 debuisse
1197 1458 1244 1508 vi-

160 1562 163 1567 ·
192 1537 304 1599 deatur3
326 1546 414 1598 nequo
427 1532 650 1596 interpretatione
662 1532 784 1583 minuere
796 1520 855 1582 euni
868 1535 896 1583 et
909 1533 945 1582 ad
957 1531 1120 1598 oabtdectm
1129 1528 1244 1581 mitium

147 1630 152 1650 t
191 1618 226 1655 ex
240 1594 464 1656 antecedentibus
477 1605 625 1666 supplendo
638 1603 743 1668 pedum
758 1603 844 1666 (quod
858 1602 949 1665 ipsum
961 1600 1014 1668 ibi,
1031 1601 1082 1651 sed
1095 1612 1159 1651 oum
1172 1610 1243 1661 pun-

162 1714 170 1724 .
192 1673 245 1723 ctis
267 1674 386 1724 additum
409 1673 491 1723 babet
509 1673 590 1723 (totu.
607 1675 657 1731 A.)
680 1684 741 1721 cum
755 1671 913 1734 quibusdam
932 1671 1057 1734 redigere
1070 1671 1107 1720 ad
1121 1668 1243 1733 quinum
1270 1726 1273 1731 ¹

190 1751 296 1805 partem
316 1756 367 1804 per
386 1753 466 1792 nsum
485 1741 594 1805 linguae
607 1744 635 1791 et
652 1740 794 1802 scriptoris
805 1740 887 1801 licet3
910 1742 944 1790 dc
958 1751 1010 1805 qno
1023 1737 1094 1790 0'ud.
1108 1739 1143 1789 ad
1157 1739 1192 1803 1,
1210 1734 1242 1787 15

190 1814 262 1862 extr.
276 1811 353 1863 dixit.
385 1810 440 1861 seit
458 1809 494 1861 iis
515 1811 548 1862 de
562 1809 669 1874 causis,
690 1822 758 1873 quos
771 1809 974 1877 demonstrari,
992 1808 1133 1873 vulgatam
1144 1817 1244 1857 veram

190 1896 266 1959 puto.
300 1898 405 1948 Nomen
422 1893 550 1963 ordiam,
573 1895 643 1960 qnod
657 1897 723 1945 nota
736 1906 820 1957 super
830 1904 945 1945 numero
961 1896 983 1955 (.
1000 1875 1067 1954 38¹⁸.)
1088 1888 1243 1957 olgnlncari

193 1966 281 2032 solet,
311 1965 396 2016 facile
418 1964 505 2015 omitti
524 1963 611 2027 potuit
630 1971 658 2013 et
676 1963 819 2029 aliquoties
838 1976 982 2026 perperam
999 1966 1131 2018 omissum
1148 1966 1195 2011 eet
1213 1960 1242 2010 in

145 2055 150 2063 ·
191 2032 275 2084 vind.
293 2034 328 2083 ll.
351 2038 499 2087 Numerum
514 2046 571 2087 xtr·
587 2035 669 2084 Voss.
689 2035 726 2084 A.
746 2045 805 2083 seo.
821 2045 864 2084 ex.
879 2032 963 2083 llabr.
975 2043 1003 2086 et
1020 2028 1241 2094 domnione,

192 2113 228 2151 ex
254 2100 323 2152 meis
349 2102 397 2152 Dr.
424 2102 454 2151 B.
476 2109 522 2167 et,
551 2099 598 2165 qui
615 2100 765 2154 duodecim
784 2101 914 2164 scriptum
932 2103 1031 2172 lebet,
1053 2100 1136 2154 Goth.
1156 2099 1193 2149 A.
1212 2105 1242 2148 et

191 2168 350 2223 Aelaintrio
371 2176 443 2220 teste
463 2169 635 2223 Parisienses
655 2170 719 2222 libri
736 2185 798 2222 cum
811 2169 882 2222 ven.
894 2172 915 2220 t.
928 2174 957 2223 et
967 2174 1028 2224 edd.
1040 2182 1099 2235 sqq.
1112 2172 1241 2228 tuentum

191 2236 271 2290 cuins
286 2237 457 2290 auctoritatis
468 2249 629 2291 momentum
640 2253 690 2301 por
705 2252 801 2303 senon
811 2237 957 2291 maximum
972 2244 1050 2300 [num
1063 2240 1092 2291 tn
1104 2238 1170 2295 Per.
1182 2237 1241 2287 AB.

179 2319 292 2358 -vereor
303 2315 334 2357 ut
347 2320 365 2359 a
376 2320 411 2358 m.
424 2320 464 2371 pr.
483 2308 534 2367 sit)
551 2321 684 2360 consensu
697 2309 826 2361 librorum
836 2307 865 2359 in
880 2310 955 2373 loct,
972 2323 1050 2374 quern
1060 2302 1155 2362 trabes
1169 2318 1241 2356 eun-

145 2413 147 2419 .
191 2377 252 2426 dem
270 2387 381 2427 numero
399 2376 558 2443 assignant,
581 2387 610 2429 et
628 2392 679 2429 usu
700 2378 896 2441 Romanorum,
920 2393 1031 2443 quorum
1053 2378 1082 2432 in
1101 2375 1144 2429 iris
1156 2374 1241 2426 bellis

191 2445 269 2495 valla
282 2447 411 2509 pleraque
423 2460 480 2497 xrr.
497 2449 580 2509 pedes
593 2449 650 2499 sita
663 2447 751 2498 tuisse
763 2447 951 2511 reperiuntur,
968 2449 1021 2509 (et,
1035 2459 1124 2513 snpra
1134 2456 1160 2496 a.
1174 2443 1193 2496 5
1212 2445 1242 2494 et

142 2550 146 2561 .
191 2514 226 2578 7,
245 2515 282 2582 73
295 2517 323 2565 et
334 2515 371 2581 8,
386 2515 405 2564 9
418 2522 446 2565 et
459 2513 519 2567 Gir.
532 2518 567 2582 1,
583 2518 633 2577 61)
650 2524 678 2580 ot
691 2518 761 2580 quod
773 2515 953 2579 interpolandl
964 2530 1050 2569 causa
1062 2517 1142 2569 nulla
1153 2520 1242 2578 esset,

142 2618 148 2643 2
189 2581 303 2647 denique
317 2594 366 2652 eo,
382 2595 435 2648 quo
448 2583 516 2651 (iod.
529 2597 596 2637 osus
609 2589 666 2651 est,
682 2587 752 2651 quod
763 2585 870 2652 pedam
881 2599 943 2638 cum
954 2586 1115 2654 omodecbn
1126 2582 1242 2636 matam

153 2763 345 2832 conscriptor
364 2765 431 2820 balli
451 2768 513 2823 nir.
530 2767 586 2824 ed
604 2781 673 2821 usos
715 2768 794 2820 detur
810 2765 910 2821 Livius
933 2766 968 2838 5,
992 2770 1044 2822 aa:
1065 2780 1150 2821 omne
1168 2766 1240 2820 inde

150 2845 212 2888 est:
234 2848 327 2904 aeque
342 2839 440 2903 primo
458 2840 586 2891 moenio
602 2851 674 2890 con·
713 2839 826 2904 tempus
838 2848 992 2904 maturos
1004 2838 1049 2893 ita
1061 2834 1159 2891 tenuit
1169 2839 1239 2890 ani·

149 2907 305 2959 emactari
322 2909 487 2960 coercitam
504 2909 627 2961 volebat.
644 2910 671 2960 b.
713 2920 774 2959 moe
787 2920 877 2974 usqae
890 2909 929 2960 ad
941 2909 1034 2962 lucem
1046 2902 1185 2972 alteram,
1200 2909 1239 2959 ut

150 2984 175 3024 e.
194 2976 282 3037 primo
300 2984 361 3039 post
381 2979 527 3029 adrentum
542 2984 672 3042 tempore,
711 2975 867 3033 meotidem
878 2979 937 3028 ιἀηι
948 2977 981 3028 tn
996 2977 1095 3030 urbem
1109 2978 1239 3043 stauros

150 3054 200 3094 san
213 3056 274 3096 cnm
288 3044 401 3107 primum
411 3047 569 3099 advenisset
588 3060 671 3097 exer·
712 3046 869 3100 uideretur
891 3047 1032 3112 impetus:
1057 3046 1157 3115 primo
1179 3046 1241 3099 ad-

149 3111 230 3163 titus.
255 3115 357 3165 Eadem
370 3116 475 3169 ratione
486 3115 587 3181 priona
597 3117 672 3182 lace,
712 3118 822 3185 centu,
842 3130 901 3183 quo
919 3118 1106 3169 receserunt
1122 3116 1164 3169 ad
1177 3126 1236 3166 ur·

137 3181 245 3247 ‘primo
257 3195 340 3235 mone
356 3187 385 3233 et
397 3186 453 3238 alia
465 3170 599 3236 metatui.
634 3186 670 3234 lit
712 3184 790 3238 bem:
811 3197 966 3237 maturos
981 3184 1058 3238 onim
1075 3183 1236 3237 additium

137 3250 178 3309 ‚in
206 3253 257 3303 loo
286 3253 406 3304 fortasse
435 3255 669 3318 acquiescendum.
711 3257 821 3324 fabae,
841 3255 899 3306 nist
919 3255 974 3307 boc
995 3252 1111 3307 emate
1126 3254 1238 3374 &oreta

146 3317 306 3384 Sinmlnus,
321 3322 466 3387 primoab
479 3325 609 3376 odoemu
623 3336 670 3373 so-
711 3325 814 3378 deinde
842 3325 1055 3376 suboscuram
1081 3310 1126 3377 eoi
1177 3325 1235 3375 eto.

146 3392 296 3450 parandum
316 3399 344 3442 et
362 3402 410 3452 pro
424 3393 553 3444 adverbio
566 3392 670 3445 baben·
711 3407 790 3459 quem
818 3395 910 3445 locum
938 3393 980 3446 ita
1005 3394 1235 3458 interpretantem

145 3457 225 3526 dum,
249 3458 293 3508 cui
312 3462 475 3523 respondeat
486 3461 516 3512 in
529 3452 669 3526 sequenti·
710 3462 924 3531 Heatinperttm
933 3455 1039 3515 trama
1050 3462 1121 3514 ridet
1133 3473 1235 3525 censor

133 3525 197 3599 [bns
225 3528 344 3595 posteo,
373 3531 404 3580 ut
421 3531 455 3596 6,
479 3532 533 3581 aaa
555 3531 667 3583 redisse
697 3523 910 3598 'Goettingensis
933 3528 994 3589 (dei.
1012 3524 1079 3600 dina.
1101 3528 1172 3583 1823
1195 3543 1233 3580 m.

131 3593 240 3666 ¹primo
266 3597 392 3663 lotiones
419 3600 562 3667 credant,
593 3613 667 3667 quas
708 3600 797 3665 April.
821 3615 848 3664 p.
861 3599 925 3653 tot.
951 3599 1082 3652 Similiter
1093 3599 1234 3664 Virgilius

142 3663 256 3730 loapttts
278 3666 444 3719 abcessisse
473 3681 512 3721 ea
541 3670 665 3734 captivis
707 3673 776 3721 Aen.
797 3672 833 3736 1,
856 3673 932 3721 613:
957 3669 1111 3734 obstupuit
1131 3668 1247 3736 primo*

132 3738 357 3815 ι,οοριιουεναιιτε
397 3737 499 3802 postea
528 3739 664 3804 despecta
706 3739 844 3804 adspectu
870 3739 993 3792 Sidonio
1024 3739 1120 3808 ilitio,
1135 3760 1138 3767 ·
1154 3738 1234 3792 t'oeu

130 3803 291 3874 ‚penetrate
318 3818 357 3857 eat
381 3806 510 3859 omnibus
526 3809 662 3872 portibus
700 3808 809 3862 *deinde
825 3807 888 3860 virt
900 3811 996 3862 tanto.

130 3869 279 3947 ''impetum
292 3875 418 3941 fodant.
448 3877 540 3929 Solum
551 3879 662 3931 odoen-
756 3890 817 3930 cum
829 3877 947 3940 uostris]
971 3873 1079 3938 ouiita
1091 3873 1180 3940 dixit,
1202 3873 1231 3925 ir

129 3938 176 4013 'itt
195 3942 230 3993 ad
247 3942 335 4004 ipsum
347 3948 481 4011 adventus
494 3949 599 4010 tempor
612 3949 661 3999 vel
702 3948 852 4015 rationem,
873 3960 928 4011 qua
941 3946 1039 4001 cicero
1058 3946 1090 3998 in
1109 3944 1231 3998 oratore

93 4060 95 4067 ,
138 4002 175 4081 ud
196 4013 319 4072 proxime
339 4013 366 4065 el
386 4017 537 4068 succedent
551 4016 657 4082 signill-
701 4029 727 4069 c.
738 4015 774 4068 4⁵
786 4025 858 4068 extr.
871 4018 975 4069 tactum
994 4029 1058 4067 esse
1076 4016 1175 4080 docet,
1197 4021 1230 4065 ut

135 4081 253 4149 pandum
266 4082 364 4149 ubique
378 4085 526 4136 adhibitum
539 4078 656 4151 legitur:
698 4086 843 4153 nouatum
860 4086 1012 4153 diceretur,
1035 4084 1154 4141 mussa
1172 4094 1227 4137 uon

135 4156 196 4201 oum
213 4151 454 4217 adverbioarilno
470 4154 593 4208 iunxisee
608 4154 655 4209 vi·
697 4150 816 4210 ridetur.
857 4165 871 4192 ⁰
914 4156 917 4161 ’
