2572 4688
466 223 818 302 PRAEFATIO.
937 260 941 273 ¹
1136 249 1188 311 tlt

90 420 131 484 et
145 413 278 484 occisos
292 411 479 507 praedones
497 416 664 507 perhibet.
704 413 871 505 Pergamo
885 402 1014 491 omar
1027 415 1189 490 anunn-

90 519 280 607 pertendit.
323 518 378 590 Ilei
394 517 530 589 videtur
544 520 732 610 Apollonio
752 521 880 590 lloloni
898 544 1053 614 operam,
1080 545 1185 612 qnam

90 623 339 707 constituerat,
365 622 501 693 dedisse
522 631 560 692 ot
580 623 617 692 id
636 647 742 711 genus
757 626 967 714 eloquentiae
981 629 1183 710 exsoluisse,

90 750 162 816 quo
191 737 313 817 postea
341 727 514 798 inclaruit.
561 727 870 818 Qucdeuiusmodi
890 732 1011 814 fuerit,
1040 754 1116 801 cum
1137 752 1180 802 ex

87 831 181 923 ipsis
201 831 411 900 orationihus
432 852 570 899 cernere
589 831 687 905 nobis
707 854 774 900 non
793 831 916 916 liceat,
949 835 1073 925 quippe
1095 855 1181 924 qua«

87 958 168 1004 runn
182 938 274 1004 nulla
290 933 334 1003 ad
349 943 498 1003 nostram
513 941 658 1003 nemtern
673 935 843 1025 pervenit,
864 955 931 1005 non
945 938 1113 1031 diversum
1134 937 1179 1013 eb

88 1060 133 1106 eo
153 1038 282 1120 fumea,
310 1039 409 1107 euius
428 1039 464 1106 iu
484 1037 744 1109 Commentariis
766 1039 839 1108 eius
855 1043 1039 1131 specimina
1056 1061 1179 1130 ouper-
1242 1048 1244 1054 '

86 1147 194 1224 sunt,
224 1163 298 1210 eum
326 1164 390 1233 por
412 1164 450 1210 se
476 1142 653 1233 probabile
672 1151 744 1226 est,
780 1151 851 1212 tum
872 1143 996 1227 (licere
1023 1141 1178 1211 declarat

85 1244 305 1336 praeeipuam
332 1246 521 1315 orationum
548 1248 624 1315 eius
651 1245 787 1317 laudam
811 1247 952 1318 eandem
983 1245 1178 1330 ostendens,

84 1372 157 1437 qua
177 1348 421 1420 commentarii
444 1373 578 1440 quoque
599 1353 785 1437 excellunt,
812 1375 976 1421 summanr
995 1351 1175 1420 verborum
1262 1375 1264 1378 ’

84 1451 286 1520 Latinorum
307 1455 521 1540 elegantiam.
572 1453 642 1524 Sed
666 1454 743 1524 dum
766 1459 951 1547 perlectam
972 1458 1067 1525 illam
1088 1455 1175 1522 bene

82 1556 248 1645 loquendi
275 1556 410 1625 laudern
437 1566 473 1626 ot
500 1556 590 1647 quod
615 1559 778 1627 rationem
789 1569 974 1649 ..tamquam
997 1562 1175 1629 obrussam

83 1660 250 1729 adhibens
271 1659 544 1729 consuetudinem
565 1661 721 1730 vitiosam
741 1673 777 1732 et
800 1673 994 1753 corruptam
1021 1684 1108 1751 pura
1136 1665 1173 1729 et
1212 1698 1215 1705 ⁴

80 1765 281 1857 incorrupta
300 1764 542 1833 eonsuetudine
559 1764 728 1849 emendet,
754 1769 880 1858 partim
897 1766 1080 1835 domestica
1093 1785 1173 1831 eon·

82 1869 286 1950 suetudine,
307 1871 430 1959 partim
446 1871 563 1937 multis
578 1871 706 1937 litteris
723 1877 759 1937 et
776 1871 820 1938 iis
835 1869 970 1961 quidem
986 1867 1170 1939 reconditis

80 1979 121 2041 et
138 1973 318 2061 exquisitio
337 1995 534 2062 summoque
553 1972 668 2042 studio
693 1980 731 2042 et
755 1973 932 2064 diligentia
953 1980 1171 2042 consecutum

80 2075 187 2160 dicit,
213 2076 257 2143 ad
279 2078 385 2145 otium
405 2079 552 2145 fortasse
567 2077 760 2147 Rhodiense
772 2081 965 2149 litterarum
979 2076 1093 2145 studio
1111 2073 1171 2141 de·

80 2181 251 2264 dicatum,
272 2182 466 2270 neutiquam
480 2203 560 2250 varo
576 2182 619 2252 ad
633 2183 855 2273 Apollonium
872 2183 1036 2252 Graecum
1050 2184 1086 2246 et
1104 2176 1170 2244 lin-
1206 2233 1209 2240 .

79 2308 168 2373 guae
189 2285 334 2353 Latinae
356 2287 511 2373 ignarum
531 2287 585 2372 id,
613 2286 704 2376 quod
724 2289 942 2378 praecipuum
958 2287 1032 2354 eius
1048 2285 1083 2350 in
1098 2281 1170 2373 elp-

76 2391 222 2479 quentia
242 2391 366 2472 luerit,
390 2390 601 2458 referendum
616 2414 693 2458 essa
707 2390 817 2461 dccet.
858 2391 915 2459 De
934 2389 1075 2477 reliquis
1093 2386 1170 2452 eius

78 2495 267 2563 virtutihus
285 2497 444 2563 oratoriis
465 2496 555 2577 idem
573 2492 693 2564 Cicero
714 2496 762 2563 ita
782 2494 977 2585 praedicat,
1002 2502 1043 2560 ut
1062 2487 1169 2557 nemi-

40 2622 45 2631 ·
76 2607 155 2666 nem
174 2621 215 2667 eo
238 2600 415 2668 sententiis
438 2586 498 2667 aut
517 2601 701 2666 acutionem
723 2608 782 2666 aut
795 2599 998 2666 crebriorem
1018 2615 1093 2662 esse
1109 2591 1175 2663 de·

78 2709 264 2786 monstret,
285 2705 384 2791 eique
398 2702 611 2793 splendidam
624 2701 791 2790 quandam
815 2703 1015 2791 minimeque
1036 2704 1168 2765 vetera-

76 2808 391 2890 toriam·rationem
414 2806 547 2876 dicendi
569 2829 667 2889 voce,
694 2816 809 2888 metu,
836 2807 946 2874 forna
969 2803 1072 2871 etiam
1095 2820 1166 2867 nna·

76 2914 202 3001 gnifica
219 2921 256 2981 et
278 2934 459 3001 generosa,
488 2900 882 3001 quodammodc'trihuit.
933 2905 1174 2996 Quintilianus=
1237 2930 1242 2939 ¹

78 3027 193 3085 autem
214 3026 342 3086 tentam
364 3020 400 3086 in
419 3039 459 3084 eo
480 3019 565 3098 vim,
589 3016 626 3083 id
641 3037 797 3097 senonen,
817 3036 889 3081 earn
908 3010 1165 3079 concitationem

77 3146 157 3192 ease
177 3123 343 3205 affirmet,
369 3123 527 3189 utillum
549 3119 665 3189 endem
680 3122 790 3188 animo
810 3119 959 3195 dixisse,
979 3136 1045 3203 quc
1060 3112 1167 3179 bella·

77 3230 180 3312 verit,
202 3236 381 3318 appareat3
408 3234 443 3293 et
459 3225 642 3294 Suetonius
653 3224 891 3316 pronuntiasse
904 3242 980 3288 eum
992 3237 1072 3286 roeo
1087 3235 1167 3281 aeu-
1264 3221 1267 3224 ’

77 3341 133 3416 tn,
160 3333 300 3400 ardente
317 3338 410 3397 motu
428 3338 613 3418 gestuque,
637 3352 704 3397 non
719 3329 793 3396 sine
806 3331 1002 3401 venustate,
1022 3343 1064 3389 ex
1075 3320 1165 3386 farne

76 3439 197 3504 refert.
241 3435 361 3522 Atque
384 3436 438 3501 his
460 3455 541 3501 sane
560 3436 763 3516 virtutihus,
792 3434 823 3501 si
842 3432 952 3499 minus
969 3429 1168 3515 ingeneran-

77 3539 153 3622 dis,
182 3547 219 3608 ot
239 3549 330 3607 certe
346 3537 582 3605 confirmandis
597 3546 634 3605 et
646 3535 891 3627 amplificandis
909 3531 1039 3623 aliquid
1057 3531 1167 3598 inser-

75 3644 179 3711 vierit
193 3644 413 3733 Apollonius.
483 3722 489 3728 p

120 3766 134 3799 ··
183 3747 258 3815 Nee
289 3746 425 3813 brevius
455 3766 541 3811 anne
568 3741 680 3811 Rhodi
707 3750 932 3810 commoratus
952 3747 1009 3808 eet
1027 3736 1167 3818 Caesar,

76 3849 349 3942 quandoquidem
380 3854 535 3918 vastante
569 3848 724 3934 regiones
760 3847 928 3937 proximas
955 3841 1166 3922 Mithridate,

75 3954 359 4045 quomadmodum
382 3954 566 4024 Suetonius
585 3952 723 4034 scribit,
752 3973 794 4018 ne
815 3949 970 4019 desidere
991 3954 1025 4018 in
1044 3947 1165 4016 discri-

78 4063 169 4130 mine
191 4061 361 4130 sociorum
382 4057 574 4141 videretur,
599 4057 743 4132 insulam
765 4056 906 4146 reliquit
926 4056 962 4125 e't
981 4057 1017 4126 in
1040 4055 1164 4125 Asiam
