2572 4688
351 254 514 389 ⁸um.
540 254 593 332 tt
635 220 871 334 cunio
1097 261 1165 336 ms

73 452 172 516 atros
185 444 319 534 equitas
331 443 497 518 iecerunt.
568 446 640 516 Hie
657 440 757 516 facile
771 448 881 540 pulsis
897 469 936 517 ac
949 447 1160 540 proturbatis
1180 459 1205 526 6

72 533 273 611 incredibili
288 536 463 602 celeritate
482 534 525 604 ad
544 536 669 603 flumen
689 535 970 617 decucurrerunt,
998 544 1038 603 ut
1053 559 1160 626 paena

72 645 143 691 nno
163 630 319 711 tempore
340 628 375 690 et
394 622 437 688 ad
456 624 561 691 silvas
577 630 613 691 et
627 625 661 690 iu
675 623 811 691 flumine
826 632 862 691 et
874 625 939 690 iam
956 625 991 688 in
1005 625 1158 693 manibus

71 711 204 779 nostris
226 710 342 779 bootes
362 709 567 780 viderentur.
636 711 762 778 Eadem
781 719 892 779 autem
910 711 1083 780 celeritate
1099 712 1159 781 ad·
1178 717 1203 780 7

71 819 175 868 verso
197 799 287 865 colle
304 796 349 865 ud
368 804 486 866 nostra
503 805 618 867 castra
638 807 739 887 atque
757 821 834 883 coe,
862 800 972 888 quiin
990 820 1090 889 opere
1102 822 1159 868 oc-

142 974 170 1037 s.
183 976 211 1027 0.
245 972 431 1041 proturbatis]
453 974 538 1027 codex
555 974 674 1045 Fairni,
700 976 784 1042 Bong.
801 976 836 1026 A,
853 977 930 1041 ligni.
948 973 1043 1026 Hamb.
1061 983 1089 1026 et
1106 987 1157 1039 pro

104 1056 169 1098 var.
187 1046 254 1096 lect.
269 1043 354 1096 Voss.
369 1046 405 1096 A.
434 1045 561 1097 turbatis
575 1046 657 1097 vind.
675 1046 710 1096 A.
732 1045 915 1113 perturbatis
931 1045 1003 1096 liar.
1021 1046 1056 1094 A.
1072 1044 1170 1097 vind,

104 1113 186 1165 nob.
209 1110 358 1176 et-reltqnt
376 1111 431 1165 mei
447 1117 528 1178 atquc
545 1113 762 1175 Oudendorpiani
778 1129 839 1166 curn
858 1116 996 1167 ridente
1013 1112 1090 1176 Lipe.
1122 1109 1157 1167 Id

104 1183 174 1235 licet
190 1193 244 1235 nou
261 1183 367 1233 ommno
386 1183 506 1247 ineptum
524 1183 577 1249 sit,
601 1195 662 1237 oum
679 1184 739 1234 fieri
755 1186 858 1249 possit,
884 1193 914 1234 ut
929 1181 1001 1246 pulsi
1017 1183 1076 1232 sine
1089 1196 1155 1246 per-

104 1252 260 1303 turbatione
284 1261 347 1301 sese
370 1250 519 1319 recipitnt,
542 1256 634 1303 tamen
650 1266 697 1304 res
714 1255 802 1305 maius
819 1254 950 1318 quoddam
975 1253 1000 1300 ιι.
1016 1252 1034 1300 ι.
1059 1251 1154 1315 requi-
1253 1256 1257 1267 ¹

104 1333 169 1373 rere
192 1321 309 1371 videtur·
344 1318 440 1383 ltaque
464 1320 648 1385 proturbatis
655 1355 667 1389 ,
697 1322 723 1372 ιι.
740 1335 765 1373 c.
789 1335 850 1373 cnm
868 1319 1067 1383 perturbatione
1088 1332 1155 1383 pro-

103 1387 211 1458 pulsis,
234 1387 332 1450 mento
348 1400 383 1458 cx
397 1388 502 1441 Patrai
516 1390 586 1442 libro
603 1392 742 1452 receptum
758 1401 776 1441 a
791 1389 885 1452 Lipsio
899 1397 1043 1452 sequentes
1056 1397 1154 1442 tenue·

104 1467 184 1523 ruut3
213 1466 242 1509 et
263 1458 385 1510 codicum
408 1461 541 1510 rationem
565 1458 725 1509 habentibus
750 1461 802 1520 (ci.
822 1459 927 1513 initium
950 1460 1013 1514 adn.
1038 1458 1099 1508 crit
1117 1461 1153 1510 ad

102 1529 192 1579 verba
216 1541 241 1579 c.
261 1528 295 1580 17
317 1525 376 1588 §.it
396 1541 453 1578 nou
475 1529 559 1581 modo
585 1527 713 1588 intrari)
743 1542 777 1581 ac
797 1527 996 1579 similitudinem
1018 1534 1152 1593 notarum,

103 1596 201 1660 quibus
219 1607 277 1663 per
301 1604 330 1647 et
352 1608 410 1664 pro
434 1598 518 1648 scribi
536 1597 659 1648 solebant
684 1599 735 1656 (ci.
752 1597 891 1649 ciceronis
908 1610 949 1649 or.
966 1607 1015 1658 pro
1031 1597 1090 1647 biii.
1108 1598 1151 1647 ed.

101 1664 222 1717 Freund.
246 1679 271 1729 p.
285 1668 349 1723 vn)
378 1667 567 1729 reputantibus
590 1667 698 1716 dubium
716 1679 779 1717 essc
795 1667 904 1734 nequit,
928 1665 991 1728 qniu
1010 1665 1091 1730 pert.
1114 1665 1152 1715 li-

101 1735 271 1799 brariorum,
300 1735 397 1797 quibus
421 1737 537 1787 aiterum
558 1735 648 1785 minus
672 1742 763 1786 notum
787 1737 862 1803 erat,
895 1735 982 1785 errori
1011 1735 1150 1785 debeatur.

101 1801 147 1855 ct.
171 1803 336 1855 dictatorius
361 1805 396 1855 ad
419 1803 477 1854 Cic.
495 1817 545 1869 pro
563 1807 637 1854 Sext.
654 1817 678 1854 c,
693 1806 743 1870 do,
761 1819 788 1870 p.
804 1805 856 1854 124
882 1803 923 1866 (p.
942 1803 1027 1869 1182,
1047 1805 1081 1853 20
1106 1804 1149 1855 ed.

99 1872 190 1933 liat).
212 1873 288 1924 inira
299 1875 327 1936 7,
344 1871 379 1923 81
398 1875 504 1925 codices
518 1873 651 1936 optionem
668 1873 738 1922 inter
756 1872 914 1925 deturbare
927 1881 955 1923 ct
970 1871 1150 1937 proturbare

100 1945 183 1994 daut:
204 1941 399 2011 perturbare,
423 1941 546 2005 quodibi
563 1954 667 2006 quoque
685 1941 805 2003 plerique
824 1944 935 2005 babent,
958 1942 1077 2005 ineptum
1095 1948 1148 1991 est.

134 2012 360 2070 decucurrerunt]
385 2013 470 2063 codex
482 2010 594 2078 Vrsini,
618 2012 687 2060 And.
701 2011 779 2060 Leid.
792 2011 826 2058 A.
841 2012 926 2072 Bong.
943 2012 977 2059 Α.
994 2004 1149 2077 „aliiquef‘

98 2080 177 2144 Egnu
192 2078 276 2130 Vind.
295 2080 352 2128 ΑΕ.
369 2081 441 2129 iiav.
459 2078 493 2126 A.
511 2078 587 2140 Lips.
605 2083 633 2126 et
650 2089 707 2140 sqq.
725 2087 835 2140 praeter
849 2076 1005 2143 Clarkium,
1029 2077 1149 2137 quicum

97 2148 212 2213 reliquis
230 2147 306 2197 codd.
323 2148 351 2195 et
367 2150 425 2198 edd.
441 2147 641 2198 decurrerunt
655 2147 710 2194 scri
731 2144 774 2195 sit.
802 2145 960 2196 Priscianus
975 2146 995 2194 i.
1008 2144 1042 2194 10
1059 2143 1147 2207 [1503

97 2218 141 2269 ed.
162 2217 256 2267 Krebi.
273 2216 344 2265 iuter
360 2218 417 2267 alia
434 2216 562 2267 caesuris
580 2216 616 2266 ad
631 2160 776 2278 Virgifium
796 2214 883 2264 verba
908 2215 975 2264 citat
1000 2225 1147 2267 accucur-

96 2286 168 2337 risti
187 2301 207 2338 a
228 2283 362 2348 Neapoli.
396 2287 542 2336 Praeterea
559 2283 634 2335 Livii
652 2285 721 2351 duo,
746 2283 874 2347 catonis,
897 2281 1031 2347 Terentii,
1055 2279 1146 2332 Plauti

98 2356 207 2420 singula
230 2355 354 2415 exempla
378 2356 458 2404 atiert
480 2352 622 2404 Charisius
639 2354 658 2402 ι.
672 2356 705 2418 3,
724 2368 751 2417 p.
766 2354 821 2404 277
837 2353 878 2400 ed.
896 2352 981 2401 Basti·
1001 2361 1146 2404 recucur-

97 2424 128 2474 ri
149 2433 178 2474 ct
201 2422 362 2475 occucurri
384 2424 497 2485 iungens
516 2435 576 2471 cnm
594 2421 720 2489 addidici
736 2421 804 2487 „sic
821 2417 921 2470 οιιίιιιιι
944 2418 1030 2484 inquit
1047 2419 1146 2487 „apud

97 2502 225 2545 auctores
247 2504 434 2552 nonnumquam
449 2492 616 2541 invenimus:
641 2491 766 2552 alioquin'
776 2489 899 2545 recurri
916 2488 1028 2538 dicimus
1046 2492 1074 2539 et
1090 2501 1146 2539 ec-

98 2557 221 2613 curri.“
255 2561 299 2612 ci.
318 2561 391 2611 inira
408 2575 430 2611 c.
444 2562 478 2612 21
497 2559 523 2619 S.
539 2562 563 2608 1.
587 2558 647 2609 civ.
663 2562 696 2620 2,
713 2557 746 2607 iil
773 2559 1032 2626 procucurrissent
1054 2556 1146 2624 pauci,

99 2633 148 2682 scd
171 2629 234 2682 boui
258 2628 382 2695 codices,
411 2629 447 2678 ib.
462 2633 494 2694 3,
512 2631 546 2678 91
562 2627 757 2697 procucurrit
774 2635 834 2676 octo
852 2627 987 2691 potiores,
1010 2626 1088 2678 Alex.
1109 2627 1144 2676 31

98 2700 337 2753 decucurrissent
358 2699 421 2748 item
444 2698 563 2760 potiores
587 2696 722 2745 exhibent.
756 2698 845 2757 Atque
866 2697 892 2745 h.
908 2696 927 2744 ι.
945 2693 1146 2747 decurrerunt

97 2769 217 2821 librariis
241 2776 381 2828 accepturo
404 2768 574 2818 referendum
597 2778 660 2817 csse
677 2767 771 2829 eadem
788 2764 855 2825 ilia,
881 2776 961 2825 quam
978 2763 1006 2813 in
1023 2762 1146 2824 proxima
1248 2786 1257 2809 s

98 2841 188 2890 adnot.
206 2839 240 2889 ad
257 2837 441 2902 proturbatis
458 2844 486 2886 et
500 2849 523 2888 c.
538 2837 572 2887 17
588 2829 647 2895 §.t
664 2836 698 2884 ad
715 2847 772 2883 nou
788 2833 872 2882 modo
889 2832 1003 2885 intrari
1018 2833 1145 2885 tuendum

96 2908 282 2975 adhibuimus,
306 2907 426 2956 codicum
444 2905 564 2955 eiusdem
580 2902 700 2954 familiae
717 2901 900 2965 discrepantia
917 2902 1015 2965 arguit.

131 2984 158 3028 ct
181 2977 250 3035 iam]
280 2976 386 3026 codices
403 2975 514 3041 Vrsini,
540 2975 624 3035 Bong.
647 2973 678 3029 ii.
696 2972 769 3023 Gott.
794 2972 871 3035 ligni.
888 2972 969 3021 Vrat.
988 2970 1043 3023 ΑΒ.
1060 2969 1144 3021 Βοιιιι.

96 3047 182 3097 Freli.
200 3047 247 3094 Gr.
266 3046 292 3093 b.
310 3045 385 3107 Lips.
403 3056 431 3095 et
448 3058 507 3107 sqqq
531 3043 620 3094 etiam
642 3036 743 3107 ,‚alii“
760 3038 831 3090 inter
844 3052 911 3105 quos
928 3053 984 3090 sec.
1001 3053 1044 3090 ex.
1060 3039 1144 3095 Febr.

96 3116 180 3179 Bong.
199 3114 257 3164 AG.
276 3114 332 3163 Pet.
353 3114 414 3164 Pal·
430 3114 514 3165 Voss.
527 3114 560 3162 A.
579 3121 609 3161 ct
625 3112 673 3161 Dr.
689 3112 743 3161 AB.
761 3109 841 3159 Vrat.
858 3108 889 3160 0.
912 3108 992 3160 Goth'.
1009 3108 1065 3158 att.
1083 3121 1145 3159 cum

97 3187 158 3235 cdd.
176 3186 239 3234 aute
255 3182 341 3233 bbeil.
365 3185 394 3234 et
416 3182 466 3237 Cu.
484 3183 561 3237 Leid.
579 3182 614 3230 A.
634 3180 685 3230 Ox.
702 3180 772 3235 ιιιιιι.
788 3179 869 3229 vind.
888 3179 921 3231 A.
938 3178 1033 3232 Hamb.
1050 3189 1146 3242 margo

97 3255 147 3305 er.
166 3266 191 3303 a.
209 3265 257 3315 pro
274 3264 334 3302 var.
352 3253 414 3301 icct.
431 3255 522 3312 a'tepb.
539 3252 617 3299 Turr.
650 3251 692 3297 Ac
709 3248 818 3297 videtur
841 3255 944 3298 remoto
968 3247 1026 3301 tum
1050 3247 1147 3309 augeri
1177 3259 1188 3279 ⁰

98 3322 249 3372 celeritatis
273 3321 442 3384 significatio.
484 3318 744 3384 Praetentate,
768 3313 818 3367 24:
848 3317 984 3367 militibus
1001 3317 1098 3367 autem
1111 3340 1147 3353 -

97 3392 184 3443 simui
209 3393 240 3442 et
255 3390 290 3440 de
306 3391 425 3442 novibus
444 3389 632 3448 desiliendum
649 3388 679 3436 et
695 3386 725 3435 iu
736 3385 868 3450 fiuctibus
886 3386 1098 3441 consistendum
1116 3386 1146 3437 et

98 3474 163 3511 cunr
188 3459 314 3509 hostibus
337 3462 405 3510 crat
423 3459 617 3529 puqnoudum'.
651 3463 679 3505 et
691 3457 725 3522 7,
741 3451 792 3505 73:
818 3458 885 3507 erat
902 3456 999 3506 eodem
1017 3457 1146 3518 teutpert

99 3533 129 3582 et
146 3529 302 3579 materiari
320 3532 350 3580 et
370 3527 550 3596 fruticaturi
568 3528 597 3576 et
614 3526 713 3578 tuctus
736 3523 907 3575 munitiones
930 3522 997 3590 fieri
1019 3537 1143 3583 necesse.
1223 3586 1228 3595 ,

99 3600 152 3649 Sed
176 3600 297 3652 tortasse
319 3599 430 3648 nimium
454 3597 482 3646 id
504 3596 648 3645 videbatur
671 3593 812 3655 scriptori,
844 3595 1003 3655 praesertim
1020 3594 1144 3647 additura

98 3667 164 3735 iiia,
195 3679 264 3730 qnae
289 3675 453 3731 sequuntur,
482 3666 580 3716 eodem
596 3663 858 3714 autentceteruate
875 3671 944 3727 etc,
968 3661 1063 3726 quibus
1084 3662 1145 3725 ipsc

98 3739 213 3786 nondum
230 3748 297 3786 vere
316 3745 344 3785 ct
362 3734 470 3797 proprie
488 3735 516 3783 ιιι
533 3734 656 3782 manibus
675 3733 854 3783 Romanorum
876 3731 953 3782 visos
972 3744 1034 3780 esse
1053 3734 1145 3784 inustas

98 3808 262 3854 ostenderet.
297 3805 392 3870 ltaque
414 3804 474 3861 tum
495 3801 611 3870 adiecit,
634 3802 703 3871 quod
720 3813 782 3851 cum
796 3813 887 3871 poene
903 3799 1074 3855 compactum
1091 3803 1146 3863 by-

97 3874 227 3936 perboleu
242 3872 324 3926 tollit.

116 4046 144 4106 S.
158 4048 184 4099 7.
219 4049 339 4123 mlvcrso
351 4046 436 4107 cotie]
462 4042 510 4099 beo
524 4033 583 4112 ht‘u
625 4041 752 4095 odttcrso
772 4039 888 4109 aucune
905 4039 1041 4108 proficisci
1057 4048 1088 4097 at
1104 4002 1155 4093 ‘ire'

70 4110 233 4185 10οἰ001ιῄ
255 4125 286 4173 ut
297 4117 326 4188 7,
342 4116 380 4169 60
391 4122 420 4168 et
431 4118 466 4167 ot
488 4125 585 4180 ιιιςιιιοιι
626 4110 735 4167 dicitnr.
