2572 4688
121 286 193 358 ooe
307 231 313 247 ’
386 282 666 357 ore-annno
692 282 945 383 paetico

122 476 267 543 tnultnnr
288 473 474 558 frumento,
500 475 562 559 sed
586 476 761 545 maximam
777 484 908 565 partem
929 475 1021 541 laete
1034 477 1196 566 atquepe

4 603 11 615 ·
79 567 102 630 9
121 564 337 631 constituat
356 567 564 653 multamque
583 573 663 632 sunt
677 567 713 632 in
732 562 986 644 venationibnst
1036 584 1208 650 mma

121 660 158 717 et
171 651 238 717 eibi
252 672 375 739 genero
390 659 426 718 ot
441 652 610 720 cotidiana
625 652 861 719 exercitatione
876 658 912 718 et
924 651 1088 718 libertate
1106 651 1197 730 vitae,

122 738 247 827 quoda
265 740 380 829 pneris
393 741 487 807 nullo
502 740 613 807 officio
633 747 696 806 out
711 739 893 828 disciplina
916 738 1103 805 assuefacti
1122 738 1197 804 nihil

77 828 80 837 ’
121 827 257 896 omnino
274 835 392 895 eontra
408 828 772 910 voluntntcniociant‚
794 835 831 894 et
845 829 935 895 viros
952 827 1017 893 ann
1029 834 1069 892 et
1080 827 1197 892 inmani

154 1038 207 1089 dae
228 1033 333 1102 niden,
356 1033 382 1087 si
400 1033 526 1098 primitus
539 1033 653 1089 colendi
670 1020 909 1100 ecrtptnm'esset,
933 1033 1006 1086 hand
1023 1031 1107 1085 duitie
1121 1033 1197 1085 ohsti-

153 1106 245 1157 iisset.
279 1106 345 1167 Quis
369 1107 440 1161 enim
463 1106 576 1157 colendi
597 1107 684 1159 verbo
699 1104 728 1156 in
744 1107 798 1165 hac
814 1103 1010 1161 sententiarum
1027 1103 1102 1154 serie
1126 1103 1197 1154 iradi-

155 1175 240 1226 tandi
257 1174 481 1239 significationem
500 1170 653 1226 tribueret?
682 1175 752 1238 qnod
771 1173 886 1224 lieidine
902 1172 987 1224 iaoiie
1004 1172 1066 1223 tieri
1083 1175 1196 1236 potuisse

152 1244 300 1295 existimat.
335 1244 469 1307 scriptori
492 1257 577 1312 vero,
606 1256 668 1294 onrn
692 1254 847 1297 remanere
872 1241 1029 1307 posuisset,
1063 1240 1197 1294 iaeoiertii

113 1340 118 1349 ·
150 1325 242 1364 cotue
263 1313 362 1364 inutile
383 1314 592 1365 additamentum
615 1312 705 1364 videri
726 1312 853 1363 debuisse
876 1309 1079 1362 condixerint.
1112 1313 1197 1377 Neque

151 1384 224 1432 eninr
242 1394 398 1444 synonyma
415 1390 479 1433 eunt
497 1395 650 1434 remanere
666 1384 694 1433 et
709 1380 854 1447 incolere,
878 1391 966 1444 neque
982 1382 1055 1430 haec
1070 1379 1196 1432 definien-

37 1448 45 1461 '
150 1452 180 1501 di
203 1451 359 1518 diligentia,
384 1464 465 1515 quant
481 1464 532 1502 nos
548 1461 579 1503 nt
597 1452 804 1515 putidinscularn
820 1453 910 1501 vitare
928 1450 1068 1513 solemus,
1099 1461 1119 1499 a
1135 1449 1198 1502 cee-

151 1521 224 1572 saris
242 1522 438 1571 consuetudine
455 1521 591 1571 abhorret.
632 1522 673 1571 Gi.
689 1519 720 1588 5,
737 1520 772 1572 43
795 1520 880 1571 tanta
895 1518 1023 1569 militant
1039 1517 1140 1569 eirtttt
1156 1521 1198 1570 ot-

152 1603 206 1657 que
224 1603 258 1640 en
273 1590 444 1654 praesentio
461 1589 550 1640 animi
565 1589 644 1658 fuit,
667 1591 702 1640 ot
715 1616 748 1628 -
759 1602 818 1639 noo
834 1588 918 1640 modo
935 1587 1123 1653 comprendi
1135 1601 1197 1639 eca-

150 1672 185 1710 eo
208 1660 243 1710 de
266 1661 342 1711 ontio
368 1659 522 1711 decederet
543 1671 642 1724 nemo,
672 1658 724 1709 sed
745 1671 837 1721 paene
853 1670 890 1708 ne
907 1658 1074 1720 respiceret
1091 1658 1197 1722 meet

151 1728 312 1795 qahqumn.
347 1726 385 1780 in.
398 1730 429 1781 51
449 1729 588 1781 celeriter
605 1728 703 1780 hortea
719 1728 772 1778 dot
789 1728 821 1778 io
838 1728 941 1794 rapam
953 1727 1015 1791 nic,
1033 1725 1080 1777 teti
1092 1727 1198 1778 omaso

149 1798 298 1863 pupnandi
315 1810 403 1848 caeno
419 1800 576 1851 resisteret
590 1810 681 1849 nemo.
717 1797 820 1858 onibus
836 1799 926 1847 autern
943 1794 1055 1858 longius
1073 1805 1146 1845 anno
1161 1796 1197 1846 in·

149 1869 242 1917 colere
259 1879 311 1918 nno
334 1866 363 1917 in
384 1869 444 1918 loeo
463 1881 516 1920 non
533 1869 617 1932 iicet,
644 1879 738 1917 eornrn
754 1866 814 1930 agri
829 1877 935 1929 quoque
951 1866 1089 1917 culturam
1105 1865 1197 1925 inper-

148 1936 250 1987 tectam
275 1948 338 1986 esse
363 1948 478 1986 necesse
501 1945 553 1986 cst.
596 1937 692 1998 ltaque
712 1935 779 1986 nihil
794 1936 837 1984 est
852 1934 881 1984 in
898 1933 1032 1998 vaignes,
1055 1935 1127 1996 qnod
1143 1932 1196 1984 hnic

112 2004 116 2009 '
148 2006 210 2056 loco
235 2016 288 2056 non
311 2004 472 2070 conveniat,
501 2006 633 2068 simulque
650 2003 842 2056 habitationum
860 2015 963 2066 quoqne
980 2014 1101 2054 annuam
1118 2003 1195 2054 vicie·

149 2073 292 2123 titudinem
310 2074 398 2123 inrisae
415 2077 560 2138 docentur,
584 2077 617 2123 de
634 2086 687 2138 qua
699 2077 734 2136 o,
750 2076 785 2122 22
802 2072 924 2135 pluribus
941 2071 1101 2124 disseritur.

185 2140 211 2201 S.
226 2145 253 2197 9.
287 2141 402 2202 inmani]
429 2144 513 2194 Voss.
530 2146 564 2193 A.
581 2144 657 2208 ligno.
675 2144 760 2206 Bong.
780 2144 815 2192 Δ.
833 2141 915 2193 Vini.
933 2140 967 2192 i‘.
983 2151 1039 2193 nou
1058 2140 1136 2218 team.

164 2338 191 2402 S.
212 2341 238 2393 8.
272 2342 416 2395 maximam
438 2345 557 2409 partem]
590 2341 634 2396 Gi.
678 2355 713 2394 ne
731 2353 818 2406 neque
835 2356 869 2393 ex
882 2341 997 2395 aliorum
1013 2354 1143 2396 sermone
1154 2343 1195 2393 ent

112 2410 174 2461 adn.
192 2424 231 2461 cr.
246 2412 327 2478 adl,
344 2414 362 2464 8
380 2413 407 2474 s.
421 2416 447 2464 ².
678 2412 802 2475 opinione
827 2425 913 2476 neque
937 2415 1079 2475 tanquan
1104 2423 1194 2462 neees-

108 2498 111 2503 ’
165 2520 229 2562 eunt
244 2511 272 2563 in
283 2514 486 2577 venationibus]
511 2511 556 2563 sic
569 2513 634 2563 vul.
678 2478 782 2562 mium,
800 2484 849 2564 ¹2⁰9
868 2480 968 2533 dictum
992 2481 1082 2531 νωθῆ
1104 2484 1194 2546 potest,

110 2580 312 2649 gulamque„
334 2586 366 2636 ,·„
383 2597 470 2650 ,pm
490 2597 551 2635 em
564 2582 634 2633 dioi-
678 2553 878 2602 conrnnotrvurn
918 2551 1074 2613 praesentis
1110 2552 1196 2601 eodem

112 2653 634 2789 {ggergggffisffgggrgrggrg{2
677 2620 1013 2740 littttihhhiii
1027 2628 1193 2755 iiiiii,

108 2791 323 2872 ,rontano
343 2795 428 2859 rar
443 2790 634 2874 ari-⁴¹⁰⁴
676 2756 1193 2879 ihihiihhiithilii‘lii:

110 2863 140 2910 et
154 2859 213 2910 108.
248 2862 524 2914 nltasestceroart.
677 2899 713 2950 87
736 2897 783 2953 w,
801 2898 865 2947 ,um
884 2897 1032 2947 macons
1045 2907 1107 2945 m
1119 2895 1193 2948 m,-

163 2958 190 3020 S.
204 2962 232 3011 9.
266 2963 336 3025 qood
350 2985 383 2999 -
398 2963 517 3022 iaciant]
541 2961 634 3023 Vulgo
674 2968 820 3030 pereniter
839 2966 924 3031 ideo,
951 2967 1029 3031 qnod
1052 2966 1135 3031 famo
1159 2965 1192 3016 de

110 3030 178 3080 haec
186 3041 234 3090 pro
248 3031 402 3093 parenthesi
415 3035 522 3096 hahent,
536 3030 633 3093 qnippe
669 3035 803 3088 victoria
816 3035 950 3086 caesarie
965 3035 1192 3099 praecaeteris-

110 3110 181 3160 quae
202 3101 277 3149 nullo
294 3114 460 3165 magnopere
478 3113 550 3151 nexu
571 3112 632 3149 curn
675 3108 736 3172 ret,
752 3105 784 3156 ei
795 3106 899 3169 oppido
914 3105 1003 3168 potiti
1016 3107 1070 3155 cto.
1106 3107 1192 3168 Atque

110 3168 298 3230 superioribus
323 3170 457 3222 contineri
479 3171 631 3220 videantur.
675 3174 702 3225 in
716 3187 748 3225 eo
762 3187 858 3226 comm.
871 3174 952 3225 etiam
968 3174 1016 3225 phi
1030 3185 1054 3224 c.
1067 3172 1105 3223 78
1125 3168 1191 3238 Μ,

33 3266 36 3273 ·
106 3236 230 3287 Nemea
247 3237 458 3308 lihertnsritae,
476 3250 628 3304 quatena-
670 3246 915 3311 prosternentem
941 3240 1016 3310 ΒΑ,
1039 3241 1128 3294 simul
1144 3242 1190 3292 at-

104 3307 185 3357 tores
199 3309 325 3372 utuntur,
349 3309 383 3359 ab
398 3312 464 3373 irae,
488 3319 542 3372 qun
557 3305 628 3356 omni
672 3325 726 3379 qne
745 3313 802 3365 (24
825 3313 885 3374 53
911 3320 938 3362 ce
959 3311 1108 3374 aliquoties
1127 3312 1191 3362 dnm

106 3373 200 3425 oiticio
211 3382 238 3424 et
249 3376 393 3440 disciplina
406 3378 489 3429 soluti
501 3377 627 3441 gandent,
671 3394 733 3433 cnm
755 3380 927 3433 coniunctivo
947 3381 1037 3442 posita
1058 3384 1125 3432 sunt
1144 3379 1191 3445 ita,

107 3441 221 3495 diversa
240 3449 292 3494 est.
328 3448 386 3497 iioo
401 3454 490 3499 tamen
503 3444 628 3512 quicquid
671 3453 702 3505 nt
715 3448 913 3502 coniunctionis
927 3449 998 3500 ratio
1017 3450 1097 3500 nulia
1116 3447 1190 3499 nolit

106 3516 152 3562 eet
164 3513 336 3580 incommodi,
355 3517 528 3578 parenthesis
542 3513 627 3578 signis
671 3527 701 3572 tp
716 3520 848 3571 videatur.
884 3520 986 3571 Eadem
1000 3517 1115 3570 licentia
1130 3515 1190 3568 helii

108 3581 192 3631 tentis
207 3594 259 3632 non
276 3585 395 3650 tollitur,
420 3599 507 3648 neque
528 3586 627 3632 verho-
672 3589 863 3651 iiispcniensis
889 3590 1007 3651 scriptor
1028 3587 1057 3638 in
1080 3586 1188 3637 coniun-

107 3661 168 3725 rnm
188 3650 316 3704 iunctura
328 3666 362 3704 ea
375 3663 435 3719 est,
458 3664 489 3705 nt
502 3651 564 3703 istie
584 3653 627 3702 io·
670 3657 745 3709 ctivo
755 3670 815 3708 cnnr
827 3658 981 3721 pronomine
993 3657 1115 3707 relativo
1124 3668 1187 3707 con·

108 3730 159 3768 cue
173 3719 218 3770 sit.
241 3720 337 3787 itaque
350 3724 453 3775 rectius
467 3731 527 3787 post
540 3722 629 3772 liter·
672 3729 801 3778 struendo
821 3729 934 3778 mnitnrn
949 3726 1035 3778 utitur
1047 3727 1188 3790 ipsumque

99 3789 627 3859 tetevitoeschandiverisquoomni-
670 3809 770 3847 nexum
790 3799 930 3848 causalem
948 3804 1088 3860 utcunque
1103 3792 1186 3857 signi-

107 3869 146 3908 rto
157 3860 335 3911 etantan-
352 3862 392 3913 De
407 3865 490 3915 verbo
503 3863 627 3931 foetam,
670 3866 780 3917 iioatunt
796 3880 831 3918 ea
845 3868 874 3915 vi
887 3865 1038 3927 praeditum
1052 3876 1118 3914 esse
1130 3866 1186 3920 eta·

100 3928 177 3991 'qnod
199 3931 292 3979 Morus
311 3937 340 3980 et
362 3933 529 3983 recentiores
557 3943 626 3981 non·
667 3937 737 4000 tuit,
760 3948 839 3998 qnam
860 3933 1041 3986 coniunctioni
1058 3930 1186 4001 cnep‘tri-

104 3996 175 4047 nulli
195 3996 255 4047 sine
281 3999 444 4052 anctoritate
461 4003 489 4053 in
510 4003 626 4070 fodant
667 4005 751 4055 buerc
764 4007 893 4055 solemus.
920 4005 1015 4065 Neque
1027 3999 1185 4053 recentioris

97 4066 297 4132 'mutaverunt,
327 4069 450 4133 equidem
469 4071 509 4122 ita
527 4072 624 4135 sentio,
666 4074 766 4126 aetatis
782 4083 886 4124 certum
901 4074 1053 4135 exemplant
1068 4071 1185 4134 partion-

105 4142 145 4202 ιιι,
162 4136 286 4201 quonian
299 4150 387 4203 neque
402 4152 464 4192 cora
477 4140 623 4196 dubitatio-
666 4145 712 4195 lea
724 4144 800 4212 qood
812 4143 900 4196 eidem
913 4141 991 4196 vcrhi
1003 4140 1121 4208 portenti
1129 4148 1184 4192 nro·
