2572 4688
348 276 588 360 tram
627 276 820 363 carm
975 248 980 265 ‘
1087 284 1155 358 rsr

66 468 173 580 'litus
187 467 358 539 Labienus
373 470 498 578 castris
519 470 666 578 bostium
680 470 822 578 =potitus
835 474 879 539 'et
897 490 938 538 ex
957 477 1034 544 loeo
1053 492 1155 578 eupe-

64 566 954 741 tincti.titt:titiltittttiltt
983 581 1197 735 &titiis

64 756 109 803 ex
123 734 277 823 equitum
293 743 330 803 et
341 737 494 803 calonum
511 736 610 822 fuga,
632 757 698 824 quc
712 736 835 803 inlooo
850 745 1027 817 recesset,
1049 757 1157 824 quun·

64 829 174 911 toque
191 823 226 889 in
245 824 397 915 periculo
417 831 453 890 ct
474 831 586 891 castro
607 831 643 890 et
660 824 811 911 legiones
826 829 863 890 et
880 824 1066 912 imperator
1079 822 1157 891 ver-

65 918 225 993 saretur,
258 913 509 1000 cognovissent,
534 913 628 987 ,nibil
646 910 689 978 ud
711 913 918 978 celeritatem
937 911 1004 977 sibi
1027 910 1155 998 reliqui

44 998 235 1069 iecerunt.
285 1040 289 1047 ·
319 1004 378 1069 27.
411 998 542 1066 Horum
563 999 708 1068 adventu
728 1004 824 1064 tanta
841 1020 955 1065 rerunt
970 1008 1154 1065 commute-

66 1084 118 1153 tiu
133 1092 190 1152 est
201 1088 308 1170 facte,
328 1095 369 1153 ut
381 1089 492 1155 nostri
508 1087 684 1175 etiam-qui
696 1087 893 1154 vulneribus
911 1087 1056 1154 coniecti
1074 1108 1156 1175 pro-

65 1172 285 1255 cubuissent,
315 1177 423 1242 scutis
446 1175 553 1242 innixi
571 1174 737 1264 proelium
763 1173 1053 1260 redintegrarent,
1081 1182 1156 1241 tum

65 1262 204 1329 calones
217 1263 419 1351 perterritos
431 1263 547 1333 hostes
561 1261 749 1353 conspicati
764 1262 866 1331 etiam
882 1263 1029 1330 inermes
1046 1285 1157 1330 arma·
1177 1318 1181 1325 .

102 1434 164 1498 §.d
181 1437 302 1491 conteni
317 1437 446 1507 iusserit,
475 1438 523 1494 ubi
536 1447 581 1492 est
596 1437 713 1492 incitati
728 1449 820 1490 ereren
836 1436 1022 1502 exemplisque
1038 1440 1074 1491 ab
1089 1439 1159 1490 0ud.

101 1506 270 1559 illustratur.
305 1511 360 1561 Sed
382 1522 474 1562 eursu
496 1511 619 1563 incitato
642 1508 896 1574 compictebantur
913 1509 1062 1578 idemest,
1088 1509 1160 1573 quod

102 1587 216 1629 cursum
232 1575 417 1632 inritaverant
435 1587 463 1630 et
480 1579 535 1631 iam
552 1579 796 1643 conspiciebantur.

138 1644 208 1711 Gap.
221 1646 266 1697 27.
289 1644 317 1709 s.
332 1649 373 1703 1..
392 1649 563 1701 commutatio
580 1657 623 1699 est
637 1650 726 1709 fecta]
753 1646 799 1697 Sic
817 1641 882 1695 editi
897 1646 961 1697 ente
975 1645 1044 1697 Oud.
1057 1656 1159 1696 omnes.

101 1712 173 1766 0ud.
197 1712 280 1780 nibil,
310 1716 365 1766 nisi
382 1719 605 1770 commutatione
628 1716 658 1767 in
675 1719 758 1780 Bong.
778 1717 814 1766 A.
831 1714 917 1763 Voss.
934 1716 966 1764 B.
981 1715 1041 1779 legi
1057 1717 1159 1766 docens

99 1783 165 1847 ipsc
186 1785 373 1837 conmutatio
396 1789 479 1853 factu
503 1789 549 1839 est
571 1786 670 1850 edidit,
700 1783 921 1848 quemadmodum
937 1783 968 1834 in
983 1783 1064 1835 tietb.
1079 1785 1115 1834 A.
1131 1791 1160 1835 et

101 1864 161 1903 sec.
185 1864 229 1903 ex.
252 1851 362 1905 ranno.
385 1855 415 1907 in
436 1858 507 1908 Lon.
529 1864 572 1908 est
595 1855 733 1918 scriptum.
769 1853 802 1902 ln
824 1851 909 1914 Bong.
927 1853 962 1902 A.
979 1854 1071 1904 eutem
1088 1860 1160 1904 teste

100 1920 252 1972 Plbseblrio
268 1930 332 1972 ente
348 1927 545 1976 correctionem
561 1925 654 1976 tuerat
669 1919 892 1973 commutatione
909 1921 1002 1987 fucta.
1043 1923 1085 1975 llo
1102 1921 1160 1973 ml-

101 2002 156 2041 uus
178 1989 302 2042 dubitavi
321 1994 470 2045 restituere
494 1993 538 2060 id,
563 1994 633 2058 quod
657 1992 766 2043 codices
783 1989 884 2051 reliqui
899 1991 954 2041 mei
970 2002 1065 2041 omncs
1080 1992 1161 2042 exbi-

100 2058 185 2122 bent,
207 2067 370 2125 quemquam
385 2073 452 2115 raro
469 2060 575 2116 cessar
590 2062 704 2112 verbum
717 2057 851 2111 auxiliare
863 2060 909 2110 est
921 2059 1064 2123 participio
1076 2073 1162 2124 prue-

100 2127 193 2192 pcnit,
216 2134 245 2177 et
257 2126 292 2192 5,
309 2127 344 2181 ts
361 2128 390 2188 s.
404 2135 439 2198 6,
456 2132 503 2182 ubi
520 2132 604 2194 vulgo
621 2130 734 2181 certior
752 2129 798 2180 est
814 2129 914 2193 fuctus
935 2129 1054 2193 legitur,
1084 2128 1163 2181 codi-

102 2209 153 2249 ces
174 2207 202 2247 e.
222 2197 247 2261 f.
266 2208 292 2248 e.
310 2198 395 2249 scribi
412 2199 514 2251 iubent.
548 2202 601 2253 sed
619 2198 680 2248 sine
695 2197 833 2249 verietate
855 2196 916 2247 Gir.
928 2201 962 2263 3,
981 2200 1018 2251 37
1035 2196 1093 2258 §.t
1116 2199 1162 2250 est

103 2266 236 2336 tactum,
258 2263 324 2315 item
342 2268 423 2317 Alex.
438 2269 471 2319 11
490 2269 516 2330 S.
531 2273 548 2321 s
566 2277 596 2318 et
611 2269 692 2330 llisp.
704 2266 739 2319 15
756 2265 783 2325 S·
797 2268 833 2334 6,
854 2268 888 2316 at
906 2265 964 2327 §.9
980 2269 1082 2317 exstat.
1116 2267 1162 2318 Si-

101 2335 208 2456 mtlitenr
228 2335 276 2455 εὓεὸῑ
285 2334 439 2464 §coguitor
455 2338 491 2406 7,
505 2338 540 2393 31
557 2335 586 2398 s.
601 2339 633 2406 1,
661 2336 803 2404 quantum
820 2335 882 2389 diei
899 2337 1014 2403 tempus
1030 2337 1172 2402 estuat-¹

137 2473 313 2535 vulneribus]
337 2471 503 2525 volueribus
522 2472 592 2537 Oui.
617 2470 661 2524 Gi.
678 2473 769 2524 adnot.
786 2471 849 2524 erit.
866 2474 902 2525 ed
919 2486 943 2525 c.
955 2475 992 2526 23
1010 2470 1039 2534 S.
1054 2475 1081 2527 i.

137 2541 362 2607 procubuissent]
387 2541 606 2607 procubuerunt
630 2540 714 2593 Vind.
730 2544 766 2591 A.
793 2541 826 2592 ld
843 2543 989 2604 genuinum
1005 2541 1095 2601 videri
1111 2542 1162 2594 de·

102 2612 167 2680 bet,
191 2610 217 2662 si
231 2612 266 2662 de
282 2612 367 2662 certis
384 2611 543 2674 quibusdem
559 2607 708 2675 militibus,
732 2621 800 2673 quos
813 2609 936 2661 iacentes
949 2611 1073 2678 viderat,
1088 2611 1161 2665 scri·

102 2688 209 2745 piorem
226 2681 365 2745 cogitasse
382 2692 482 2744 eosque
499 2677 657 2743 significare
674 2678 800 2729 voluisse
817 2679 964 2730 sumimus:
990 2680 1033 2730 sin
1058 2692 1161 2746 omnes,

94 2750 203 2813 -quibus
220 2750 250 2801 ld
265 2750 424 2816 occiderat,
446 2750 476 2800 in
492 2759 574 2799 uuum
590 2760 679 2811 genus
694 2749 827 2809 quoddam
847 2751 1058 2810 comprehensos
1081 2751 1169 2812 idque
1199 2798 1202 2807 ,

104 2823 157 2873 boc
174 2826 239 2871 nota
256 2818 433 2882 designatum.
445 2830 527 2884 esse,
554 2814 615 2865 sire
632 2828 730 2866 nexum
747 2816 824 2867 illum
838 2819 946 2868 causali
960 2818 1093 2884 similem,
1111 2820 1161 2869 sed

104 2890 220 2941 diverse
231 2887 443 2953 rimaturum,
467 2887 512 2937 eui
528 2884 694 2935 declarando
710 2884 867 2936 inserviens
884 2898 1030 2950 prenomen
1044 2890 1093 2953 qut·
1111 2898 1161 2950 uro

21 2998 25 3003 .
104 2958 175 3010 Rcet
197 2958 224 3008 ts
247 2970 298 3007 seu
316 2969 381 3008 cum
399 2956 496 3007 tumeo
511 2954 539 3004 is
555 2951 674 3015 positum
693 2954 883 3018 existimatur,
907 2957 1083 3009 obversatum
1099 2958 1160 3009 eius

104 3026 372 3092 crinemcrinem,
388 3022 609 3091 procubuissent
622 3023 738 3085 probare
750 3025 889 3075 debemus.
911 3027 1057 3079 Vtrumvis
1068 3035 1160 3092 sutum

104 3105 165 3159 este
188 3103 219 3147 et
233 3096 321 3157 potuit
338 3094 466 3156 scriptori
482 3093 536 3143 alic
552 3100 674 3154 tempero
691 3092 766 3144 eliud
784 3096 904 3154 plaeere.

14 3158 24 3180 ’“
141 3174 198 3217 tum
211 3165 338 3226 telones]
362 3167 477 3215 edoces
496 3160 546 3213 Cu.
563 3162 645 3212 vind.
660 3163 696 3212 A.
712 3163 755 3212 ed.
773 3165 864 3225 steph.
883 3161 985 3217 omisso
1007 3165 1097 3234 tunt,
1110 3178 1160 3227 pro

104 3248 159 3301 quo
182 3236 263 3286 Vrat.
287 3235 317 3283 Β.
344 3247 410 3286 eum
432 3233 522 3284 babet.
563 3228 632 3281 Cum
654 3232 688 3282 ud
714 3233 884 3295 sequentium
905 3233 1068 3295 scripturam
1090 3247 1161 3299 erm,

105 3317 178 3368 quac
197 3303 325 3354 veritatis
346 3311 438 3354 notam
460 3314 526 3364 prae
551 3312 582 3348 sc
606 3301 661 3350 fert
682 3303 892 3363 (occurrerent
904 3308 1080 3369 -puquusl
1097 3307 1161 3359 tum

108 3373 297 3426 neceesarium
313 3384 367 3425 non
384 3372 422 3424 sit
440 3379 468 3422 et
483 3373 518 3423 ab
533 3366 630 3420 iisdem
646 3370 706 3422 iere
723 3372 861 3426 codicibus
881 3374 1036 3442 omittatur,
1054 3370 1100 3438 qui
1114 3388 1161 3437 se,-

124 3527 152 3591 8.
165 3527 192 3581 5.
226 3530 382 3594 quantoque
394 3524 423 3577 ln
435 3524 598 3588 periculo-³-
640 3534 734 3577 essent
752 3534 781 3577 et
800 3530 836 3580 ud
856 3520 1024 3581 celeritatem
1040 3530 1160 3595 pertine-

75 3600 252 3659 vcrsaretur]
294 3598 326 3650 ld
351 3608 390 3648 etc
420 3595 598 3663 seruientibus
639 3601 717 3659 rent,
733 3606 787 3647 non
801 3612 879 3650 suum
892 3607 975 3650 esset.
1134 3598 1139 3621 ²

74 3669 184 3736 ponus,
207 3679 289 3731 qnam
305 3680 340 3717 ex
353 3677 446 3720 eorum
462 3667 529 3729 suga
549 3677 598 3715 cc-
691 3666 758 3730 cap.
780 3670 824 3720 27.
848 3668 876 3728 S.
895 3671 920 3720 1.
972 3667 1074 3728 nostri]
1107 3678 1162 3720 nen
1261 3716 1264 3721 .

75 3738 207 3801 guoriss‘e
236 3739 318 3799 etque
344 3735 394 3786 illa
419 3736 507 3788 verba
534 3743 598 3795 ante
640 3743 748 3787 omnes:
771 3747 834 3789 nem
853 3738 961 3789 minime
974 3749 1066 3788 omnes
1079 3750 1162 3799 proe-

75 3809 144 3859 bcee
158 3805 345 3857 subaudienda
357 3802 492 3855 videntur.
639 3804 705 3854 llum
724 3808 917 3871 deseruerunt3
947 3809 996 3858 sed
1009 3808 1160 3873 quicunque
1193 3864 1196 3869 ,

127 3875 196 3927 nibil
217 3877 251 3926 ed
270 3875 438 3926 celeritatem
457 3873 509 3924 sibi
529 3872 598 3925 reli·
639 3872 667 3924 id
680 3877 819 3943 fecerant,
849 3877 974 3941 quamvls
999 3876 1160 3926 vulneribus

77 3944 123 4008 qul
148 3946 287 4003 iecerunt]
319 3956 424 3994 omnem
447 3944 597 3995 celeritatis
640 3944 759 3994 coniecti
772 3954 872 3996 essent.
907 3945 1161 4009 ltaqucncstried

77 4014 194 4080 leudem,
212 4024 282 4076 quae
296 4014 389 4075 parari
404 4021 525 4082 poteret,
544 4013 597 4064 sibi
640 4024 752 4065 sensum
771 4013 842 4065 idem
863 4018 922 4082 est,
951 4016 1021 4078 qood
1042 4008 1161 4065 nostrie-

78 4082 212 4146 curarunt
231 4094 318 4146 neque
338 4082 544 4149 commiserunt,
568 4090 598 4134 ut
641 4093 726 4148 rurs,
755 4082 872 4150 idecqne'
888 4096 993 4136 comma
1012 4086 1076 4149 post
1094 4083 1162 4151 iliud

79 4152 221 4218 tuoruum
234 4164 344 4221 corum,
361 4162 437 4218 uuae
449 4152 599 4206 mlcrltatls
641 4153 912 4220 murmurmurmur
924 4153 1042 4219 positum
1053 4151 1161 4208 sustuli.
