2572 4688
413 277 516 353 ιιι.
545 276 574 349 ι.
619 277 792 352 chre
1105 288 1150 358 io
1224 231 1227 238 ¹

80 467 233 537 rovineio
255 456 497 552 conuenerant,
522 470 638 537 elatu
662 467 869 555 Lemanno,
885 469 1002 558 quiin
1023 472 1149 543 flumen
1208 440 1214 499 ¹

89 558 260 625 hodannm
274 556 404 642 influit,
426 556 468 624 nd
483 565 629 625 montem
644 555 777 640 lunam,
797 558 858 647 qui
872 558 955 626 fines
973 559 1148 650 Sequano·

55 666 133 714 num
155 645 198 712 alt
218 645 389 714 Helvetiis
411 643 553 728 dividit,
581 646 675 713 milia
719 667 857 714 aesuum
886 645 1000 715 dotem
1028 672 1147 719 novem

56 756 193 801 murum
214 733 250 800 iu
277 732 490 803 altitudinem
503 731 626 822 pedum
651 669 797 801 hosteim
811 735 1006 824 fossamque
1021 738 1147 827 perdu-

56 823 117 891 eii.
181 820 234 890 Eo
247 843 349 912 opere
365 821 516 911 perfetio
526 820 697 911 praesidia
712 820 880 912 disponit,
900 825 1042 893 eaetello
1056 848 1147 895 oom-
1167 830 1191 895 2

56 909 190 992 munii,
210 931 278 999 quo
293 910 441 991 iaoiiiuo,
461 909 542 976 site
555 909 661 977 invito
670 913 822 993 ,transire
836 921 1049 996 nonageninr,
1067 936 1149 1004 pro-
1242 946 1246 959 ι

56 998 174 1065 hibere
196 998 322 1094 ppgeit.
350 1059 352 1062 ι
388 995 461 1066 Vhi
483 1019 523 1065 ea
543 995 634 1081 diet,
659 1020 759 1088 quam
772 998 996 1101 constitueret
1006 1024 1083 1070 enm
1096 1004 1147 1073 le·
1167 1004 1191 1069 8

91 1155 235 1209 hihuieeet.
268 1154 379 1224 lepiooe
396 1167 514 1208 morum
526 1155 664 1222 perducit
676 1156 767 1209 minut
781 1156 954 1223 perspicuum
969 1163 1048 1229 erat,
1067 1175 1149 1228 qnam

70 1254 73 1258 ·
92 1241 129 1280 eo
141 1226 260 1293 lepione.
293 1226 337 1276 ci.
350 1239 375 1277 o.
389 1225 439 1292 15,
457 1229 490 1276 32
515 1227 591 1291 qood
606 1226 771 1294 petopentie
784 1228 926 1295 equitibus
941 1231 1055 1283 ioniam
1073 1236 1149 1286 mul·

90 1297 249 1350 titudinem
261 1295 391 1362 equitem
402 1297 606 1360 propulerant.

125 1365 216 1431 quiin
231 1367 329 1415 humen
341 1365 500 1416 Rhodanum
511 1365 612 1426 innuit]
635 1361 824 1416 coniecturam
840 1365 1012 1433 Glareaniet
1024 1367 1150 1422 Rhenani

94 1447 180 1501 quem
201 1434 232 1500 ti.
251 1434 310 1485 Rh.
321 1431 383 1498 insi.
406 1444 425 1483 a
438 1434 558 1485 caesare
572 1433 704 1497 seriptum
715 1433 942 1502 existimantium,
965 1450 1047 1500 qnam
1058 1439 1150 1490 steli-

92 1517 161 1573 ger,
184 1503 317 1555 Davisius
337 1510 365 1552 et
384 1500 513 1555 cletitius
525 1503 612 1554 secuti
626 1510 704 1569 sunt,
721 1514 808 1566 neque
822 1504 930 1554 codices
944 1507 1149 1576 confirmarunt,

92 1573 193 1638 qnippe
205 1570 404 1623 eonsentientes
417 1571 447 1622 in
458 1572 581 1640 vulgato,
599 1579 789 1638 praeterquam
802 1573 1150 1634 quodheid.ii.et11omh.

91 1643 125 1694 in
137 1643 279 1705 omittunt,
295 1644 323 1691 et
335 1651 384 1703 pro
396 1641 570 1705 Rhodonem
579 1641 610 1702 ¹in
622 1642 706 1693 Voss.
718 1641 795 1706 (iet
809 1642 904 1694 liamh.
922 1642 1074 1710 Rhodani,
1096 1657 1150 1711 pro

93 1712 193 1777 inpluit
211 1711 241 1762 in
252 1709 334 1762 Vind.
348 1713 382 1766 Α.
393 1711 462 1778 fluit
473 1711 589 1774 legitur,
611 1722 699 1773 neque
719 1710 844 1760 dictionis
856 1712 963 1777 {iumen
975 1713 1150 1782 Rhodonem

91 1782 186 1848 poetis
205 1778 396 1845 relinquendae
411 1780 482 1832 ratio
501 1792 552 1830 net
572 1779 686 1842 denique
701 1792 799 1829 teneus
813 1783 997 1850 commendat,
1022 1783 1150 1848 qnoniam

93 1859 142 1903 ent
160 1851 196 1901 dt
218 1862 254 1902 ea
271 1855 350 1912 purte
370 1851 465 1915 laone,
492 1860 545 1912 qna
564 1848 711 1899 Rhodanus
729 1849 759 1899 in
772 1861 834 1900 eum
845 1850 944 1920 intrat,
966 1846 1149 1921 cogitandum,

94 1929 142 1972 aut
162 1927 248 1969 totum
268 1918 478 1969 additamentum
497 1930 547 1979 pro
567 1917 659 1967 inutili
680 1918 830 1969 habendum
849 1921 933 1969 esset.
972 1920 1068 1986 Neque
1080 1932 1149 1975 vtro

71 1984 75 1989 '
93 1991 143 2057 qui
156 2001 219 2040 enm
231 1987 349 2041 Wasnio
363 1999 411 2049 pro
424 1988 548 2038 ablativo
561 1987 763 2053 accipiendum,
786 1987 832 2038 eui
846 1995 874 2039 et
887 1987 1028 2053 scriptorio
1041 2004 1109 2044 neue
1123 1998 1152 2044 et
1174 2029 1181 2045 s

94 2071 213 2124 aequent
227 2057 277 2123 qut·
288 2056 393 2109 divom
405 2063 549 2118 repugnat.
1046 2058 1049 2063 '
1126 2112 1128 2116 ,

18 2148 24 2163 ·
128 2129 224 2179 decem
245 2128 357 2186 norem]
387 2136 490 2176 novem
507 2124 585 2177 Leid.
602 2125 637 2173 A.
654 2122 724 2174 ond·
738 2126 765 2174 2.
788 2123 995 2194 ntcluveriue,
1019 2124 1151 2196 vossins,
1209 2130 1212 2135 '
1258 2153 1261 2157 ·

95 2197 228 2250 Davisius
240 2197 392 2246 voluerant.
409 2194 681 2260 textricarum,
699 2192 727 2243 in
739 2205 825 2256 marg.
839 2206 903 2254 am.
922 2208 977 2246 eet.
991 2197 1029 2247 ai.
1043 2209 1152 2266 xnrrrr,

95 2268 144 2319 Dr.
166 2268 202 2316 h.
223 2279 248 2317 x
265 2267 296 2316 et
312 2277 371 2316 νιιι
387 2264 470 2314 Vind.
487 2262 519 2315 G.
549 2262 658 2325 Reliqui
674 2275 816 2312 numerum
829 2271 970 2324 receptum
987 2275 1150 2334 agnoscunt,

96 2336 178 2388 etiam
200 2335 351 2386 Petrareha
368 2333 439 2383 iliat.
451 2330 485 2398 i,
503 2334 537 2382 12
556 2333 585 2381 ei
599 2331 739 2393 Appianas
757 2332 791 2381 de
807 2333 865 2381 neh.
884 2333 957 2383 Gali.
971 2328 1005 2398 i,
1023 2333 1073 2400 15,
1115 2349 1151 2388 uo

96 2408 209 2465 auctore
226 2402 331 2455 caesar
347 2404 381 2451 de
397 2400 585 2452 Helvetiorum
603 2400 700 2457 itinere
713 2400 813 2451 certior
827 2401 919 2451 iactus
933 2349 1152 2463 διετεὶχισενὲσα

95 2464 395 2595 topadion
407 2464 1153 2606 nitidiitt·ttitt‘ntttttti‘ttth

96 2614 204 2742 degutpt,
232 2677 374 2742 prohibere
387 2674 488 2739 possit]
506 2675 550 2726 lta
563 2671 645 2724 edidit
659 2672 738 2740 ond,
758 2679 821 2724 ante
834 2686 912 2736 quem
925 2675 1068 2739 legebatur
1077 2689 1152 2742 pro-

95 2749 191 2802 hiberi
202 2751 329 2814 possent.
353 2748 394 2798 De
409 2747 495 2797 verbo
505 2745 588 2808 priori
602 2743 710 2794 codices
723 2741 914 2794 dubitationem
926 2747 1151 2814 nonrelinquant,

89 2810 161 2887 'quin
173 2818 293 2871 activum
305 2816 512 2881 praeterendum
524 2813 569 2880 sit,
586 2827 647 2863 enm
658 2811 807 2879 prohiberi
819 2824 871 2863 non
884 2812 939 2863 nisi
950 2814 978 2864 in
989 2816 1047 2865 cod.
1063 2817 1152 2868 Bran-

97 2874 170 2942 tii'et
182 2888 265 2940 Vrat.
278 2886 320 2954 G,
338 2886 385 2952 qui
396 2884 492 2936 deinde
505 2897 567 2936 oum
579 2883 657 2934 Goth.
670 2884 700 2932 R.
714 2889 742 2933 et
751 2882 810 2933 Pel.
825 2885 945 2950 possent
956 2884 1090 2955 exhibent,
1107 2885 1152 2937 in-

37 3082 40 3089 .
114 3040 183 3106 Cap.
204 3043 232 3097 8.
256 3039 284 3102 S.
304 3044 329 3091 i.
378 3039 470 3105 quiin
488 3040 587 3090 iumen
629 3036 724 3091 exiens
744 3049 829 3101 aquae
848 3035 908 3089 eius
929 3051 1023 3092 seeum
1041 3043 1153 3094 trahere

69 3111 222 3165 Riedonum
238 3111 341 3170 innuit]
364 3110 457 3160 Laeua
477 3109 525 3157 vix
540 3109 586 3160 vi·
630 3116 658 3158 et
678 3110 757 3159 laeua
777 3108 806 3165 in
827 3107 916 3172 ipsum
934 3110 1048 3162 induere
1070 3112 1152 3165 vide·

70 3185 143 3235 detur
160 3182 189 3232 in
209 3182 308 3231 iinmen
324 3179 440 3230 influens
453 3177 506 3228 diei
521 3191 585 3240 poe·
626 3184 680 3229 tur.

70 3264 111 3319 te,
135 3251 162 3303 ai
179 3251 252 3302 idem
269 3257 327 3314 oet,
352 3250 380 3298 in
395 3262 474 3311 quem
487 3250 586 3298 iumen
680 3248 715 3297 ad
737 3248 853 3296 montem
878 3245 984 3308 Iuram]
1016 3247 1051 3298 ii.
1073 3262 1098 3300 e.
1117 3251 1153 3302 ad

69 3320 168 3389 nouit,
196 3319 418 3382 quemadmodum
440 3318 501 3384 hio,
531 3329 586 3368 non
629 3328 690 3367 enm
704 3328 789 3379 usque
802 3316 893 3366 lotum
912 3317 942 3367 in
962 3318 1089 3369 citeriore
1102 3332 1153 3372 aen

70 3391 101 3442 ah
114 3389 365 3451 aliaparteoriens
379 3399 466 3451 aquas
479 3398 544 3438 suaa
557 3387 586 3436 in
628 3385 741 3436 sinistra
754 3384 876 3435 Rhodani
889 3384 963 3453 ripa,
981 3387 1153 3440 oniinnite·
1253 3390 1254 3397 ’

70 3461 163 3511 humen
189 3458 331 3521 immittet,
366 3457 587 3521 quemadmodum
628 3455 701 3531 tiore
727 3453 868 3530 oppositus
894 3464 955 3507 erat
975 3467 1053 3506 mons
1071 3457 1153 3509 Iurat

70 3536 197 3592 perpetua
216 3528 268 3578 ilia
287 3528 385 3590 peius,
411 3539 482 3589 quae
499 3526 533 3590 7,
550 3525 587 3577 57
630 3521 671 3578 itt
693 3535 729 3577 ott
742 3521 781 3578 tte
796 3519 921 3588 tegent,
943 3531 984 3578 too
998 3519 1044 3587 iu
1059 3537 1152 3592 petent

10 3574 14 3691 i
70 3597 96 3648 in
106 3600 258 3662 sequanam
271 3596 383 3646 inuuere
394 3590 501 3646 dicitur.
518 3594 586 3643 Riu—
631 3590 693 3648 t'tbtt
706 3592 753 3648 tot
770 3587 883 3658 &thirgo
896 3588 972 3660 ‘juro
984 3590 1105 3661 eotiqte,
1120 3603 1153 3647 ut

10 3714 12 3723 ,
70 3679 126 3717 nen
140 3667 212 3717 enim
225 3679 244 3717 a
256 3667 319 3715 latu
333 3670 470 3724 receptum
489 3665 587 3713 flumen
629 3662 688 3714 iam
700 3664 802 3724 pridem
815 3663 1007 3724 interpretatus
1019 3673 1062 3713 est
1076 3664 1153 3716 Ger·

71 3748 127 3785 esee
141 3735 242 3788 desinit
253 3741 280 3784 et
295 3746 360 3797 pars
374 3736 450 3782 iocus
464 3733 504 3798 iit,
520 3733 589 3782 iliud
630 3732 759 3782 mettioeo
772 3732 922 3782 sincerus.
957 3735 1015 3783 Nee
1032 3733 1090 3785 eine
1102 3747 1152 3788 ra-

10 3740 13 3863 ,
72 3817 148 3871 tero,
171 3804 284 3870 inquod
299 3803 394 3852 iuiiuat
407 3801 502 3868 laeua,
524 3812 588 3850 esse
629 3802 704 3851 tione
724 3800 843 3852 additum
869 3808 912 3853 est
939 3803 989 3867 qui
1007 3800 1079 3867 fines
1097 3807 1154 3855 Se-

10 3866 13 3963 ,
72 3873 440 3932 ahtudiversnmneceeee
454 3878 506 3920 est.
535 3872 588 3920 nt-
631 3883 793 3936 potatorum
817 3871 852 3920 ab
870 3871 1009 3922 Heluetiis
1033 3872 1152 3924 dividit.

73 3942 113 4004 qui
135 3944 294 3996 Rhodanum
317 3953 370 3991 non
395 3940 506 3990 misceri
525 3940 587 3991 lacu
630 3942 673 3989 Ad
692 3941 761 3990 iinea
780 3940 850 3990 enim
865 3941 1048 4003 Sequanorum
1065 3954 1153 4005 nequ·
1195 3979 1198 3989 .

72 4009 587 4076 mnomogeogrophiteitantuqquos
629 4009 802 4073 producenda
819 4015 880 4060 erat
897 4010 1008 4061 munitio
1027 4010 1152 4079 caeteri,

74 4079 161 4134 laudet
174 4082 302 4134 Vitettut
315 4081 344 4131 in
358 4079 530 4144 dwgrephie
536 4080 586 4130 Gr.
630 4079 655 4128 ei
675 4076 725 4142 p'er
741 4078 899 4131 Rhodanum
915 4079 1074 4132 transirem
1087 4091 1152 4146 pro·

75 4151 183 4208 tilium.
201 4153 234 4206 τ.
248 4151 287 4206 11.
304 4152 339 4217 2,
359 4163 386 4214 p.
400 4151 462 4202 izo.
491 4149 586 4216 ltaque
629 4148 749 4203 vinoitnt
761 4147 906 4205 Relatum
918 4149 1013 4199 noiiet-
1136 4159 1138 4163 ·

883 4213 945 4280 2*
