2572 4688
136 215 204 287 ree
403 211 478 285 un
503 171 1004 288 nunno'onnnroo·

135 404 208 486 luis,
241 401 303 493 qul
328 399 373 471 od
396 400 631 471 conducendos
658 403 809 472 homines
837 405 1020 474 facultates
1044 402 1227 488 habebant,

134 494 237 579 vulgo
253 511 356 578 regna
373 490 642 580 occupabantur,
663 493 723 581 qui
736 494 846 561 minus
861 495 960 561 facilc
974 514 1049 559 eam
1068 514 1141 560 rem
1162 494 1228 560 im-

133 583 232 672 perio
254 585 372 647 nostro
391 579 551 664 consequi
572 586 742 670 poterant.
827 582 864 651 2.
892 580 960 649 His
980 580 1112 647 nuntiis
1130 582 1228 649 litte-

134 670 254 758 risque
274 671 462 734 commotus
483 665 610 735 Caesar
630 666 717 736 duas
736 667 887 754 legiones
908 669 944 736 in
961 667 1122 736 citeriore
1142 669 1228 737 Gai-

134 756 184 827 lia
203 777 308 824 novas
329 753 535 844 conscripsit
555 759 591 822 ot
611 755 698 824 inita
721 760 852 824 coemto
872 757 908 825 in
926 756 1124 825 interiorem
1142 755 1229 827 Gai·

204 931 274 997 cap.
287 935 314 983 ².
336 930 363 995 S.
378 935 404 982 1.
437 929 506 994 llis)
535 932 639 999 „MSS
657 931 779 997 plerique
787 928 806 963 “
829 933 912 996 liong.
933 931 992 986 AG.
1007 926 1092 986 voss.
1110 933 1145 983 A.
1164 930 1226 985 ro.

167 1003 246 1068 Egm.
266 1003 339 1054 flav.
359 1003 393 1050 A.
412 1001 461 1052 Dr.
480 1001 537 1053 ΑΒ.
557 1001 635 1053 occi.
654 1003 689 1056 A.
705 1003 788 1054 Vind.
808 1002 926 1054 neciti-
940 1003 1022 1055 Vret.
1036 1004 1070 1054 A.
1085 1001 1138 1053 Gn.
1149 1004 1224 1053 Ven.

168 1074 241 1124 edei.
256 1073 317 1122 Ber.
331 1070 423 1132 steph.
437 1070 486 1123 (ir.
501 1071 528 1120 b.
545 1070 647 1123 Elterl.
678 1070 734 1124 ltiis
749 1072 833 1138 liong·
846 1072 877 1124 li.
890 1071 965 1124 Gott.
976 1071 1058 1125 Vrot
1070 1071 1123 1124 nc.
1137 1070 1224 1122 Bonn.

167 1142 266 1196 Hamis.
288 1140 329 1191 lis
341 1140 426 1203 vulgo
436 1148 464 1191 et
477 1138 546 1192 (iud.
880 1180 883 1187 .

201 1209 284 1269 inite]
307 1207 416 1260 codices
429 1208 541 1277 Vrsini,
558 1209 617 1261 cod.
631 1209 722 1273 Steph-
734 1216 763 1260 et
775 1206 870 1261 Brent.
882 1208 941 1260 Pet
955 1212 990 1263 Ν.
1003 1207 1053 1261 cu.
1068 1208 1154 1274 liong.
1166 1209 1223 1259 AB.

167 1280 243 1335 Gott-
256 1280 332 1342 ligur.
346 1286 374 1327 et
387 1291 452 1341 pers
464 1279 585 1331 codicum
599 1277 666 1330 ond.
680 1279 730 1330 Dr.
743 1280 778 1329 A.
791 1279 872 1329 Vrat.
884 1279 940 1330 AB.
954 1278 1051 1330 llamo.
1065 1279 1152 1329 lionu
1168 1279 1223 1328 Gn.

166 1348 222 1403 inc.
247 1344 363 1400 ineunte
380 1348 449 1413 lteg.
462 1347 618 1400 Vossianus
630 1346 752 1414 Gl'arkii,
778 1346 855 1399 Leid.
867 1350 924 1399 ΑΒ.
939 1347 1021 1398 Voce.
1035 1349 1070 1399 A.
1083 1348 1135 1399 (ix.
1149 1348 1221 1397 And.

167 1427 226 1471 tres
237 1418 286 1470 elii
300 1416 367 1469 oud
382 1414 571 1482 Periclenses,
589 1416 662 1469 ilev.
677 1419 712 1469 A.
726 1417 775 1468 Dr.
787 1415 818 1468 Β.
832 1417 914 1468 Vret.
925 1415 956 1469 G·
970 1416 1050 1470 doti.
1065 1417 1122 1466 Ali.
1137 1415 1221 1467 vind.

164 1486 249 1543 Acii.
271 1486 393 1549 reliquae
413 1487 472 1537 edd.
492 1494 555 1538 ante
575 1487 648 1538 Scel.
664 1490 693 1538 et
705 1486 747 1538 ci.
764 1485 1121 1547 (immaniinmanu).
1155 1484 1221 1537 Sine

165 1557 288 1611 codicum
307 1554 491 1616 discrepantia
508 1556 602 1607 tertia
615 1555 696 1621 „inita
715 1553 818 1622 cipitia
831 1555 932 1621 legitur
946 1554 1007 1606 civ.
1020 1558 1054 1623 a,
1072 1553 1109 1607 54
1126 1562 1155 1607 et
1169 1567 1221 1606 oe-

164 1629 244 1681 rtaic
262 1625 339 1677 inito
358 1624 419 1675 sir.
431 1628 482 1691 26,
505 1624 534 1676 iu
547 1625 649 1677 comm.
662 1634 753 1681 cutem
764 1627 799 1676 de
812 1624 840 1674 1).
853 1624 927 1676 Gall.
940 1622 981 1676 ita
995 1623 1173 1692 discrepant,
1189 1629 1220 1673 uc

164 1695 337 1763 participium
349 1694 417 1746 iliud
430 1694 581 1763 passivum,
598 1706 650 1759 quo
664 1708 731 1747 sane
746 1705 832 1757 neque
845 1693 944 1745 cicero
958 1707 1045 1759 nequo
1058 1693 1131 1746 elius
1143 1691 1219 1757 quis-

165 1777 246 1831 qnem
261 1765 302 1815 sic
316 1777 384 1815 usus
396 1764 548 1829 reperitur,
563 1763 669 1814 criticis
683 1763 844 1829 quibusdem
856 1762 1047 1830 displicuisse,
1063 1760 1220 1814 accesere

165 1836 259 1888 temen
278 1833 362 1884 nihilo
381 1831 470 1884 ninus
483 1835 559 1884 recte
572 1841 601 1882 ec
614 1831 670 1901 ita,
693 1840 723 1884 nt
736 1833 792 1883 iam
803 1832 908 1884 tactum
920 1832 1028 1884 initium
1039 1837 1067 1882 ct
1079 1832 1161 1896 quasi
1174 1831 1218 1881 in-

165 1903 275 1969 gressio
292 1903 321 1954 in
341 1908 491 1966 aestatem,
515 1900 893 1968 nemorumnemorum,
911 1901 1029 1966 positum
1041 1912 1106 1951 esse
1120 1900 1220 1952 videa-

164 1977 219 2025 tur.
254 1973 323 2023 Nam
336 1971 410 2022 inira
422 1982 447 2018 c.
459 1968 494 2022 ³5
510 1981 560 2033 pro
571 1969 648 2023 inita
657 1970 798 2037 prosimu
809 1971 923 2024 aestate
936 1969 985 2023 cu.
998 1968 1075 2021 laeid.
1090 1973 1125 2022 Α.
1135 1970 1220 2022 vind.

164 2043 200 2095 Δ.
225 2039 310 2092 initio
326 2039 481 2105 proximae
499 2039 640 2106 sectatu,
663 2040 732 2106 ³,7
753 2050 805 2102 pro
821 2040 896 2091 inita
914 2039 1006 2092 diem
1021 2039 1106 2090 Vlud.
1126 2039 1162 2091 A.
1186 2037 1219 2088 in

165 2111 258 2163 diemo
300 2109 334 2176 5,
351 2110 386 2158 23
410 2120 459 2170 pro
478 2107 606 2158 secunda
626 2108 704 2160 inita
721 2120 787 2159 cum
804 2109 940 2161 coivisset
957 2106 1061 2176 uptiis
1079 2107 1132 2160 cu.
1146 2108 1218 2159 And.

166 2181 219 2233 οι.
232 2141 315 2230 vinc.
333 2179 369 2227 Α.
392 2188 450 2228 sec.
472 2186 539 2228 onon
558 2176 629 2231 solo.
648 2177 708 2245 cip.
727 2176 869 2244 exhibent,
892 2189 963 2243 queo
982 2177 1076 2241 omnin
1094 2175 1218 2241 vulgetis

164 2246 302 2301 deteriora
321 2251 392 2295 sunt.
425 2245 527 2298 Nostro
545 2247 607 2297 loco
624 2246 744 2301 ineunte
762 2246 883 2298 deterlrm
900 2258 955 2298 non
973 2254 1033 2313 ent,
1057 2246 1218 2300 etimne

165 2319 278 2370 aestate
292 2314 388 2366 cicero
400 2315 457 2365 Act.
471 2316 504 2380 2,
525 2311 544 2365 4
560 2315 611 2366 sub
623 2317 669 2367 tin.
682 2324 710 2366 et
721 2316 838 2368 ineunte
849 2327 921 2368 cere
934 2314 1015 2384 alibi,
1030 2312 1151 2369 ineante
1163 2328 1219 2367 cte·
1261 2344 1262 2349 κ

163 2399 203 2438 no
216 2393 243 2436 et
256 2382 357 2435 similia
370 2383 419 2434 alii
432 2384 567 2435 dixerunt.
602 2386 656 2436 Sed
669 2384 784 2438 caesari
797 2399 851 2437 non
862 2384 951 2449 magia
964 2387 1032 2450 irco,
1048 2399 1131 2451 quam
1145 2386 1219 2438 alte·

164 2469 225 2509 runr
245 2455 324 2519 eliis,
348 2453 478 2504 usitatum
491 2461 519 2503 et
532 2457 641 2518 propter
655 2456 792 2521 codicum,
813 2465 894 2522 quen
908 2454 1112 2527 demonstravi,
1127 2454 1217 2509 retio-

163 2538 226 2578 nem
239 2523 449 2587 posthabendum
460 2522 577 2573 videtur.

197 2593 366 2652 interiorem]
388 2591 559 2644 citeriorem
577 2589 947 2658 ecug.c.11ann.v1ac.1.
970 2590 1146 2647 citeriorem
1164 2592 1217 2644 01.

161 2664 191 2716 Β.
210 2664 288 2717 Leid.
306 2664 343 2715 A.
355 2661 439 2714 vind.
460 2662 579 2720 A.,liev.
601 2664 635 2713 Α.
654 2663 716 2716 Ald.
734 2670 763 2713 et
775 2673 835 2728 sqq.
848 2674 935 2728 usquo
947 2664 983 2716 nd
995 2663 1087 2730 scel,
1109 2660 1157 2730 qui
1168 2661 1218 2716 in-

127 2833 322 2887 coniursudum
334 2822 527 2901 incitarentur,
551 2835 598 2886 vei
613 2836 648 2887 nn
742 2833 810 2898 cop.
824 2837 851 2888 2.
874 2833 940 2896 M·
975 2835 1140 2900 commotus]
1169 2831 1216 2888 ci.

127 2903 197 2970 ipsis
213 2903 406 2967 potentioribus
420 2903 480 2955 iliis
490 2904 538 2955 vel
551 2905 586 2954 eb
599 2915 649 2955 eo·
691 2905 753 2958 edu.
767 2907 803 2958 ed
816 2907 851 2973 1,
867 2907 905 2959 20
920 2904 949 2969 S.
960 2908 987 2960 Β.

127 2986 188 3026 rum
201 2973 331 3023 ministris
343 2975 372 3024 et
383 2974 485 3039 operis,
502 2974 573 3036 quod
584 2974 649 3037 quic

124 3045 164 3095 ad
178 3056 236 3093 rem
249 3041 359 3105 perinde
372 3053 432 3108 esc,
453 3041 587 3095 incertum
600 3055 648 3093 ro-
745 3042 815 3097 inita
843 3044 965 3104 aestate]
1005 3040 1083 3094 ilaec
1117 3042 1217 3110 vernn,

126 3111 266 3175 linquitur.
316 3111 443 3171 Ceterum
471 3111 647 3179 indicativus,
691 3124 761 3177 quse
779 3114 809 3166 in
827 3112 1216 3178 nuu.criccxp1icataaunt,

127 3194 182 3244 quo
202 3180 307 3234 caesar
326 3179 355 3231 in
374 3180 417 3230 his
437 3180 583 3246 generibus
598 3180 647 3231 de·
692 3182 718 3234 si
735 3184 771 3235 nd
789 3183 870 3235 misit
884 3181 1042 3247 pertinent,
1063 3180 1217 3236 caesarem

126 3249 279 3302 scribendis
307 3250 409 3315 utitur,
442 3262 496 3301 non
525 3260 648 3302 rumores
691 3250 831 3316 annuento
860 3254 923 3315 post
949 3249 1044 3303 initam
1079 3259 1217 3304 motuum

125 3330 190 3370 enm
218 3327 266 3372 eut
293 3317 402 3370 litteren
430 3319 560 3389 Labieni,
598 3320 648 3371 scd
692 3323 842 3385 profectum
862 3328 982 3375 coemere
1009 3320 1157 3386 debemus,
1186 3321 1216 3373 id

126 3398 207 3439 anem
237 3387 324 3451 ipsius
352 3388 533 3453 cognitionem
557 3401 647 3441 rerum
690 3393 763 3455 quod
774 3403 825 3442 nec
839 3402 887 3453 per
900 3402 932 3442 so
944 3388 1095 3441 verisimile
1108 3392 1152 3442 est
1164 3404 1216 3442 ne-

14 3500 18 3524 ,
125 3456 312 3520 nominumque
326 3465 448 3508 secutum
462 3470 526 3508 esse
539 3458 626 3508 docet.
691 3473 753 3529 que,
765 3460 831 3511 iicet
842 3459 947 3511 initium
958 3458 1074 3510 aestatis
1087 3459 1124 3511 ad
1136 3472 1216 3511 men-

177 3528 378 3586 conducendos]
396 3527 528 3578 Fortasse
541 3529 590 3577 noc
604 3527 648 3577 lo·
691 3542 749 3581 seru
771 3527 874 3582 Maium
897 3529 1053 3596 referatur,
1088 3528 1161 3582 setin
1188 3527 1216 3580 el

126 3607 160 3649 oo
174 3594 280 3647 Caesar
292 3598 470 3662 cordacem,
493 3599 563 3660 qnod
581 3594 647 3648 eiiii
690 3599 835 3664 convenit,
857 3600 928 3663 quod
937 3599 1019 3662 paulo
1030 3605 1095 3660 post
1107 3600 1142 3649 de
1155 3595 1215 3660 pri-

127 3666 236 3729 proprie
248 3665 340 3715 dicere
353 3667 424 3716 solet
441 3665 493 3724 (ci.
505 3666 579 3717 inira
592 3679 617 3716 c.
629 3669 647 3717 2
689 3682 762 3721 mum
779 3667 923 3731 incipiente
942 3666 1036 3732 pabuli
1049 3666 1132 3732 copia
1142 3667 1216 3719 dici-

127 3735 187 3796 m
205 3736 278 3802 ccl,
296 3731 315 3783 4
331 3733 406 3799 eti,
423 3736 458 3787 27
475 3739 549 3801 ecc,
567 3737 601 3785 31
619 3742 648 3784 et
689 3747 743 3791 cur.
787 3738 823 3788 iit
854 3735 1035 3800 proximorum
1067 3735 1215 3789 collocutio

126 3806 163 3872 7,
180 3805 244 3871 ot),
266 3816 302 3856 ea
323 3802 519 3868 significatione
548 3803 647 3871 posuit,
690 3808 836 3858 verborum
852 3818 887 3858 ea
906 3808 968 3875 est,
998 3813 1029 3856 ut
1049 3805 1102 3858 illa
1122 3807 1214 3873 potins

128 3885 208 3938 quom
226 3873 317 3925 addito
328 3873 462 3925 mercedis
477 3873 584 3925 nomine
598 3877 647 3925 la-
690 3877 726 3928 sd
736 3877 894 3929 deduceret
909 3877 1046 3941 pertinere
1057 3876 1213 3929 videantur.

128 3944 184 4009 bet,
201 3945 317 4008 qumod
332 3945 500 4013 fatuitates,
517 3944 647 4006 lul-opes
690 3946 785 4009 ltaque
814 3946 998 4000 discedentem
1028 3940 1064 3998 cr
1090 3946 1213 3999 momnis

130 4015 159 4063 et
179 4013 305 4082 divitiae,
336 4014 474 4079 aliquanto
493 4012 579 4080 optior
601 4012 647 4064 vi·
690 4015 839 4069 Gaesarem
864 4023 1017 4071 statuamus
1036 4017 1068 4079 Q·
1089 4016 1213 4082 Pedium,

128 4083 217 4136 imur.
691 4083 1046 4151 quemsccuninnioarnis
1060 4085 1213 4153 huiumed,
