<?xml version="1.0" encoding="UTF-8"?>
<!DOCTYPE html PUBLIC "-//W3C//DTD XHTML 1.0 Transitional//EN"
    "http://www.w3.org/TR/xhtml1/DTD/xhtml1-transitional.dtd">
<html xmlns="http://www.w3.org/1999/xhtml" xml:lang="en" lang="en">
 <head>
  <title>
</title>
<meta http-equiv="Content-Type" content="text/html;charset=utf-8" />
  <meta name='ocr-system' content='tesseract 3.04.00' />
  <meta name='ocr-capabilities' content='ocr_page ocr_carea ocr_par ocr_line ocrx_word'/>
</head>
<body>
  <div class='ocr_page' id='page_1' title='image "./commentariidebe01schngoog_0084.png"; bbox 0 0 2572 4688; ppageno 0'>
   <div class='ocr_carea' id='block_1_1' title="bbox 405 214 1169 327">
    <p class='ocr_par' dir='ltr' id='par_1_1' title="bbox 405 214 1169 327">
     <span class='ocr_line' id='line_1_1' title="bbox 405 214 1169 327; baseline 0.008 -38"><span class='ocrx_word' id='word_1_1' title='bbox 405 216 587 327; x_wconf 73' lang='lat' dir='ltr'>nrar.</span> <span class='ocrx_word' id='word_1_2' title='bbox 631 214 754 291; x_wconf 84' lang='lat' dir='ltr'>ene.</span> <span class='ocrx_word' id='word_1_3' title='bbox 784 221 829 293; x_wconf 88' lang='lat' dir='ltr'>ro</span> <span class='ocrx_word' id='word_1_4' title='bbox 1123 223 1169 295; x_wconf 82' lang='lat' dir='ltr'>es</span> 
     </span>
    </p>
   </div>
   <div class='ocr_carea' id='block_1_2' title="bbox 76 404 1268 1377">
    <p class='ocr_par' dir='ltr' id='par_1_2' title="bbox 76 404 1268 1377">
     <span class='ocr_line' id='line_1_2' title="bbox 79 404 1168 498; baseline 0.002 -21"><span class='ocrx_word' id='word_1_5' title='bbox 79 404 214 498; x_wconf 76' lang='lat' dir='ltr'>magnis</span> <span class='ocrx_word' id='word_1_6' title='bbox 235 406 417 477; x_wconf 70' lang='lat' dir='ltr'>itineribus</span> <span class='ocrx_word' id='word_1_7' title='bbox 438 405 612 476; x_wconf 74' lang='lat' dir='ltr'>contendit</span> <span class='ocrx_word' id='word_1_8' title='bbox 626 406 777 497; x_wconf 88' lang='lat' dir='ltr'>duasque</span> <span class='ocrx_word' id='word_1_9' title='bbox 790 407 840 476; x_wconf 92' lang='lat' dir='ltr'>ibi</span> <span class='ocrx_word' id='word_1_10' title='bbox 855 406 1005 498; x_wconf 85' lang='lat' dir='ltr'>legiones</span> <span class='ocrx_word' id='word_1_11' title='bbox 1018 410 1168 479; x_wconf 87' lang='lat' dir='ltr'>conscri-</span> 
     </span>
     <span class='ocr_line' id='line_1_3' title="bbox 77 495 1166 585; baseline 0.001 -21"><span class='ocrx_word' id='word_1_12' title='bbox 77 498 182 567; x_wconf 86' lang='lat' dir='ltr'>bitot</span> <span class='ocrx_word' id='word_1_13' title='bbox 197 505 288 581; x_wconf 90' lang='lat' dir='ltr'>tres,</span> <span class='ocrx_word' id='word_1_14' title='bbox 311 518 399 584; x_wconf 86' lang='lat' dir='ltr'>quae</span> <span class='ocrx_word' id='word_1_15' title='bbox 410 495 535 563; x_wconf 89' lang='lat' dir='ltr'>circum</span> <span class='ocrx_word' id='word_1_16' title='bbox 549 497 747 585; x_wconf 75' lang='lat' dir='ltr'>Aquileiam</span> <span class='ocrx_word' id='word_1_17' title='bbox 761 496 971 580; x_wconf 83' lang='lat' dir='ltr'>hiemabant,</span> <span class='ocrx_word' id='word_1_18' title='bbox 999 519 1039 563; x_wconf 84' lang='lat' dir='ltr'>ex</span> <span class='ocrx_word' id='word_1_19' title='bbox 1053 497 1166 565; x_wconf 90' lang='lat' dir='ltr'>biber-</span> 
     </span>
     <span class='ocr_line' id='line_1_4' title="bbox 78 584 1166 673; baseline 0.002 -20"><span class='ocrx_word' id='word_1_20' title='bbox 78 587 133 653; x_wconf 87' lang='lat' dir='ltr'>nis</span> <span class='ocrx_word' id='word_1_21' title='bbox 147 584 263 653; x_wconf 90' lang='lat' dir='ltr'>educit</span> <span class='ocrx_word' id='word_1_22' title='bbox 273 590 309 652; x_wconf 91' lang='lat' dir='ltr'>et</span> <span class='ocrx_word' id='word_1_23' title='bbox 321 607 387 673; x_wconf 87' lang='lat' dir='ltr'>qua</span> <span class='ocrx_word' id='word_1_24' title='bbox 404 587 590 672; x_wconf 86' lang='lat' dir='ltr'>proximum</span> <span class='ocrx_word' id='word_1_25' title='bbox 607 585 675 650; x_wconf 89' lang='lat' dir='ltr'>iter</span> <span class='ocrx_word' id='word_1_26' title='bbox 687 585 722 650; x_wconf 95' lang='lat' dir='ltr'>in</span> <span class='ocrx_word' id='word_1_27' title='bbox 736 586 931 654; x_wconf 80' lang='lat' dir='ltr'>ulteriorem</span> <span class='ocrx_word' id='word_1_28' title='bbox 943 584 1087 655; x_wconf 82' lang='lat' dir='ltr'>Galliam</span> <span class='ocrx_word' id='word_1_29' title='bbox 1127 607 1166 655; x_wconf 87' lang='lat' dir='ltr'>er</span> 
     </span>
     <span class='ocr_line' id='line_1_5' title="bbox 76 608 1164 761; baseline 0.004 -21"><span class='ocrx_word' id='word_1_30' title='bbox 76 674 194 761; x_wconf 90' lang='lat' dir='ltr'>Alpes</span> <span class='ocrx_word' id='word_1_31' title='bbox 220 678 312 755; x_wconf 89' lang='lat' dir='ltr'>erat,</span> <span class='ocrx_word' id='word_1_32' title='bbox 346 673 503 747; x_wconf 88' lang='lat' dir='ltr'>cumbis</span> <span class='ocrx_word' id='word_1_33' title='bbox 528 673 675 761; x_wconf 89' lang='lat' dir='ltr'>quinque</span> <span class='ocrx_word' id='word_1_34' title='bbox 695 672 883 757; x_wconf 77' lang='lat' dir='ltr'>legionibus</span> <span class='ocrx_word' id='word_1_35' title='bbox 905 674 957 740; x_wconf 88' lang='lat' dir='ltr'>ire</span> <span class='ocrx_word' id='word_1_36' title='bbox 980 608 1164 744; x_wconf 75' lang='lat' dir='ltr'>contendit.</span> 
     </span>
     <span class='ocr_line' id='line_1_6' title="bbox 76 756 1268 850; baseline -0.005 -21"><span class='ocrx_word' id='word_1_37' title='bbox 76 759 133 829; x_wconf 91' lang='lat' dir='ltr'>Ibi</span> <span class='ocrx_word' id='word_1_38' title='bbox 147 760 334 830; x_wconf 82' lang='lat' dir='ltr'>Ceutrones</span> <span class='ocrx_word' id='word_1_39' title='bbox 355 768 390 827; x_wconf 86' lang='lat' dir='ltr'>et</span> <span class='ocrx_word' id='word_1_40' title='bbox 409 757 579 828; x_wconf 80' lang='lat' dir='ltr'>Graioceli</span> <span class='ocrx_word' id='word_1_41' title='bbox 594 770 629 827; x_wconf 88' lang='lat' dir='ltr'>et</span> <span class='ocrx_word' id='word_1_42' title='bbox 643 757 820 847; x_wconf 74' lang='lat' dir='ltr'>Caturiges</span> <span class='ocrx_word' id='word_1_43' title='bbox 831 760 915 829; x_wconf 90' lang='lat' dir='ltr'>locis</span> <span class='ocrx_word' id='word_1_44' title='bbox 931 760 1164 850; x_wconf 81' lang='lat' dir='ltr'>superioribus</span> <span class='ocrx_word' id='word_1_45' title='bbox 1184 756 1248 823; x_wconf 60' lang='lat'>41⁴.</span> <span class='ocrx_word' id='word_1_46' title='bbox 1263 800 1268 811; x_wconf 89' lang='lat'>·</span> 
     </span>
     <span class='ocr_line' id='line_1_7' title="bbox 76 843 1265 954; baseline -0.003 -37"><span class='ocrx_word' id='word_1_47' title='bbox 76 850 252 954; x_wconf 75' lang='lat' dir='ltr'>occupatis</span> <span class='ocrx_word' id='word_1_48' title='bbox 271 847 393 915; x_wconf 89' lang='lat' dir='ltr'>itinere</span> <span class='ocrx_word' id='word_1_49' title='bbox 413 849 595 915; x_wconf 86' lang='lat' dir='ltr'>exercitum</span> <span class='ocrx_word' id='word_1_50' title='bbox 616 847 794 937; x_wconf 89' lang='lat' dir='ltr'>probibere</span> <span class='ocrx_word' id='word_1_51' title='bbox 813 854 987 918; x_wconf 89' lang='lat' dir='ltr'>conantur.</span> <span class='ocrx_word' id='word_1_52' title='bbox 1063 847 1164 917; x_wconf 84' lang='lat' dir='ltr'>Com·</span> <span class='ocrx_word' id='word_1_53' title='bbox 1184 843 1265 929; x_wconf 70' lang='lat'>⁶..·.=</span> 
     </span>
     <span class='ocr_line' id='line_1_8' title="bbox 76 934 1212 1027; baseline 0.002 -25"><span class='ocrx_word' id='word_1_54' title='bbox 76 936 235 1027; x_wconf 77' lang='lat' dir='ltr'>pluribus</span> <span class='ocrx_word' id='word_1_55' title='bbox 258 935 312 1002; x_wconf 91' lang='lat' dir='ltr'>bis</span> <span class='ocrx_word' id='word_1_56' title='bbox 332 936 471 1024; x_wconf 89' lang='lat' dir='ltr'>proeliis</span> <span class='ocrx_word' id='word_1_57' title='bbox 491 937 604 1026; x_wconf 87' lang='lat' dir='ltr'>pulsis</span> <span class='ocrx_word' id='word_1_58' title='bbox 618 935 660 1000; x_wconf 88' lang='lat' dir='ltr'>ab</span> <span class='ocrx_word' id='word_1_59' title='bbox 676 935 802 1019; x_wconf 82' lang='lat' dir='ltr'>Ocelo,</span> <span class='ocrx_word' id='word_1_60' title='bbox 824 934 915 1026; x_wconf 85' lang='lat' dir='ltr'>quod</span> <span class='ocrx_word' id='word_1_61' title='bbox 928 943 982 1003; x_wconf 88' lang='lat' dir='ltr'>est</span> <span class='ocrx_word' id='word_1_62' title='bbox 995 935 1164 1004; x_wconf 85' lang='lat' dir='ltr'>citerioris</span> <span class='ocrx_word' id='word_1_63' title='bbox 1209 969 1212 974; x_wconf 95' lang='lat'>·</span> 
     </span>
     <span class='ocr_line' id='line_1_9' title="bbox 76 1020 1164 1115; baseline 0 -25"><span class='ocrx_word' id='word_1_64' title='bbox 76 1024 272 1115; x_wconf 84' lang='lat' dir='ltr'>provinciae</span> <span class='ocrx_word' id='word_1_65' title='bbox 296 1032 500 1105; x_wconf 85' lang='lat' dir='ltr'>extremum,</span> <span class='ocrx_word' id='word_1_66' title='bbox 539 1024 575 1091; x_wconf 91' lang='lat' dir='ltr'>in</span> <span class='ocrx_word' id='word_1_67' title='bbox 599 1024 685 1090; x_wconf 88' lang='lat' dir='ltr'>fines</span> <span class='ocrx_word' id='word_1_68' title='bbox 712 1020 955 1092; x_wconf 83' lang='lat' dir='ltr'>Vocontiorum</span> <span class='ocrx_word' id='word_1_69' title='bbox 983 1024 1164 1110; x_wconf 31' lang='lat' dir='ltr'>,ulterioris</span> 
     </span>
     <span class='ocr_line' id='line_1_10' title="bbox 77 1108 1169 1200; baseline 0 -23"><span class='ocrx_word' id='word_1_70' title='bbox 77 1110 271 1200; x_wconf 86' lang='lat' dir='ltr'>provinciae</span> <span class='ocrx_word' id='word_1_71' title='bbox 294 1108 350 1176; x_wconf 90' lang='lat' dir='ltr'>die</span> <span class='ocrx_word' id='word_1_72' title='bbox 368 1112 512 1199; x_wconf 89' lang='lat' dir='ltr'>septimo</span> <span class='ocrx_word' id='word_1_73' title='bbox 534 1111 705 1200; x_wconf 81' lang='lat' dir='ltr'>peruenit,</span> <span class='ocrx_word' id='word_1_74' title='bbox 732 1108 810 1177; x_wconf 91' lang='lat' dir='ltr'>inde</span> <span class='ocrx_word' id='word_1_75' title='bbox 830 1112 866 1179; x_wconf 90' lang='lat' dir='ltr'>in</span> <span class='ocrx_word' id='word_1_76' title='bbox 878 1109 1104 1196; x_wconf 85' lang='lat' dir='ltr'>Allobrogum</span> <span class='ocrx_word' id='word_1_77' title='bbox 1123 1110 1169 1189; x_wconf 48' lang='lat' dir='ltr'>fi&lt;</span> 
     </span>
     <span class='ocr_line' id='line_1_11' title="bbox 77 1195 1165 1284; baseline -0.001 -19"><span class='ocrx_word' id='word_1_78' title='bbox 77 1220 158 1280; x_wconf 87' lang='lat' dir='ltr'>nes,</span> <span class='ocrx_word' id='word_1_79' title='bbox 178 1197 221 1265; x_wconf 91' lang='lat' dir='ltr'>ab</span> <span class='ocrx_word' id='word_1_80' title='bbox 238 1197 488 1283; x_wconf 89' lang='lat' dir='ltr'>Allobrogibus</span> <span class='ocrx_word' id='word_1_81' title='bbox 501 1197 538 1265; x_wconf 94' lang='lat' dir='ltr'>in</span> <span class='ocrx_word' id='word_1_82' title='bbox 553 1196 758 1284; x_wconf 87' lang='lat' dir='ltr'>Segusiauos</span> <span class='ocrx_word' id='word_1_83' title='bbox 773 1200 955 1266; x_wconf 85' lang='lat' dir='ltr'>exercitum</span> <span class='ocrx_word' id='word_1_84' title='bbox 969 1197 1074 1270; x_wconf 83' lang='lat' dir='ltr'>ducit.</span> <span class='ocrx_word' id='word_1_85' title='bbox 1115 1195 1165 1264; x_wconf 85' lang='lat' dir='ltr'>Hi</span> 
     </span>
     <span class='ocr_line' id='line_1_12' title="bbox 79 1282 944 1377; baseline 0.005 -24"><span class='ocrx_word' id='word_1_86' title='bbox 79 1293 160 1354; x_wconf 85' lang='lat' dir='ltr'>sunt</span> <span class='ocrx_word' id='word_1_87' title='bbox 176 1291 274 1352; x_wconf 84' lang='lat' dir='ltr'>extra</span> <span class='ocrx_word' id='word_1_88' title='bbox 285 1284 492 1372; x_wconf 84' lang='lat' dir='ltr'>provinciam</span> <span class='ocrx_word' id='word_1_89' title='bbox 507 1291 602 1352; x_wconf 89' lang='lat' dir='ltr'>trans</span> <span class='ocrx_word' id='word_1_90' title='bbox 618 1282 817 1353; x_wconf 86' lang='lat' dir='ltr'>Rhodanum</span> <span class='ocrx_word' id='word_1_91' title='bbox 830 1286 944 1377; x_wconf 81' lang='lat' dir='ltr'>primi.</span> 
     </span>
    </p>
   </div>
   <div class='ocr_carea' id='block_1_3' title="bbox 24 1437 1216 2754">
    <p class='ocr_par' dir='ltr' id='par_1_3' title="bbox 111 1437 1165 1644">
     <span class='ocr_line' id='line_1_13' title="bbox 145 1437 1165 1513; baseline 0.003 -22"><span class='ocrx_word' id='word_1_92' title='bbox 145 1441 173 1502; x_wconf 77' lang='lat' dir='ltr'>s.</span> <span class='ocrx_word' id='word_1_93' title='bbox 187 1443 214 1492; x_wconf 77' lang='lat'>³.</span> <span class='ocrx_word' id='word_1_94' title='bbox 248 1441 320 1503; x_wconf 85' lang='lat' dir='ltr'>cres]</span> <span class='ocrx_word' id='word_1_95' title='bbox 345 1440 404 1494; x_wconf 82' lang='lat' dir='ltr'>trie</span> <span class='ocrx_word' id='word_1_96' title='bbox 421 1442 490 1495; x_wconf 83' lang='lat' dir='ltr'>oud.</span> <span class='ocrx_word' id='word_1_97' title='bbox 511 1447 538 1494; x_wconf 83' lang='lat'>2.</span> <span class='ocrx_word' id='word_1_98' title='bbox 571 1442 646 1494; x_wconf 83' lang='lat' dir='ltr'>Ieen</span> <span class='ocrx_word' id='word_1_99' title='bbox 668 1439 725 1505; x_wconf 73' lang='lat'>§.5</span> <span class='ocrx_word' id='word_1_100' title='bbox 747 1441 814 1512; x_wconf 73' lang='lat' dir='ltr'>finis</span> <span class='ocrx_word' id='word_1_101' title='bbox 827 1439 921 1513; x_wconf 57' lang='lat' dir='ltr'>,dodim</span> <span class='ocrx_word' id='word_1_102' title='bbox 944 1449 1087 1508; x_wconf 69' lang='lat' dir='ltr'>munique</span> <span class='ocrx_word' id='word_1_103' title='bbox 1103 1437 1165 1496; x_wconf 83' lang='lat' dir='ltr'>stoc</span> 
     </span>
     <span class='ocr_line' id='line_1_14' title="bbox 111 1510 762 1565; baseline -0.006 0"><span class='ocrx_word' id='word_1_104' title='bbox 111 1510 283 1565; x_wconf 84' lang='lat' dir='ltr'>soccoricnce.</span> <span class='ocrx_word' id='word_1_105' title='bbox 696 1526 699 1532; x_wconf 91' lang='lat'><strong>·</strong></span> <span class='ocrx_word' id='word_1_106' title='bbox 759 1510 762 1517; x_wconf 82' lang='grc'>’</span> 
     </span>
     <span class='ocr_line' id='line_1_15' title="bbox 145 1574 1164 1644; baseline 0.001 -15"><span class='ocrx_word' id='word_1_107' title='bbox 145 1580 174 1641; x_wconf 74' lang='lat' dir='ltr'>s.</span> <span class='ocrx_word' id='word_1_108' title='bbox 187 1577 214 1630; x_wconf 79' lang='lat'>4.</span> <span class='ocrx_word' id='word_1_109' title='bbox 249 1580 413 1641; x_wconf 86' lang='lat' dir='ltr'>centrones]</span> <span class='ocrx_word' id='word_1_110' title='bbox 434 1578 594 1632; x_wconf 74' lang='lat' dir='ltr'>Ceutrones</span> <span class='ocrx_word' id='word_1_111' title='bbox 612 1579 695 1644; x_wconf 82' lang='lat' dir='ltr'>Bong.</span> <span class='ocrx_word' id='word_1_112' title='bbox 715 1578 770 1630; x_wconf 82' lang='lat' dir='ltr'>AB.</span> <span class='ocrx_word' id='word_1_113' title='bbox 783 1579 842 1631; x_wconf 84' lang='lat' dir='ltr'>Pet.</span> <span class='ocrx_word' id='word_1_114' title='bbox 855 1579 939 1631; x_wconf 86' lang='lat' dir='ltr'>Voss.</span> <span class='ocrx_word' id='word_1_115' title='bbox 952 1581 987 1631; x_wconf 85' lang='lat' dir='ltr'>A.</span> <span class='ocrx_word' id='word_1_116' title='bbox 1002 1574 1075 1631; x_wconf 73' lang='lat' dir='ltr'>eote</span> <span class='ocrx_word' id='word_1_117' title='bbox 1094 1581 1164 1632; x_wconf 66' lang='lat' dir='ltr'>laer.</span> 
     </span>
    </p>

    <p class='ocr_par' dir='ltr' id='par_1_4' title="bbox 24 1647 1216 1978">
     <span class='ocr_line' id='line_1_16' title="bbox 24 1647 1164 1714; baseline -0.001 -14"><span class='ocrx_word' id='word_1_118' title='bbox 24 1700 29 1713; x_wconf 76' lang='grc'>,</span> <span class='ocrx_word' id='word_1_119' title='bbox 111 1651 191 1713; x_wconf 80' lang='lat' dir='ltr'>tigne.</span> <span class='ocrx_word' id='word_1_120' title='bbox 212 1651 241 1699; x_wconf 90' lang='lat' dir='ltr'>et</span> <span class='ocrx_word' id='word_1_121' title='bbox 262 1647 310 1701; x_wconf 87' lang='lat' dir='ltr'>alii</span> <span class='ocrx_word' id='word_1_122' title='bbox 331 1648 399 1700; x_wconf 83' lang='lat' dir='ltr'>ond.</span> <span class='ocrx_word' id='word_1_123' title='bbox 411 1651 491 1701; x_wconf 88' lang='lat' dir='ltr'>Vrat.</span> <span class='ocrx_word' id='word_1_124' title='bbox 511 1650 566 1699; x_wconf 84' lang='lat' dir='ltr'>AB.</span> <span class='ocrx_word' id='word_1_125' title='bbox 580 1648 662 1699; x_wconf 76' lang='lat' dir='ltr'>Vind-</span> <span class='ocrx_word' id='word_1_126' title='bbox 684 1650 743 1700; x_wconf 81' lang='lat' dir='ltr'>nn.</span> <span class='ocrx_word' id='word_1_127' title='bbox 762 1650 947 1701; x_wconf 76' lang='lat' dir='ltr'>centuriones</span> <span class='ocrx_word' id='word_1_128' title='bbox 966 1650 1063 1701; x_wconf 85' lang='lat' dir='ltr'>llamb.</span> <span class='ocrx_word' id='word_1_129' title='bbox 1079 1647 1112 1714; x_wconf 81' lang='lat'>5,</span> <span class='ocrx_word' id='word_1_130' title='bbox 1129 1651 1164 1699; x_wconf 79' lang='lat'>39</span> 
     </span>
     <span class='ocr_line' id='line_1_17' title="bbox 110 1717 1163 1786; baseline -0.004 -15"><span class='ocrx_word' id='word_1_131' title='bbox 110 1717 271 1771; x_wconf 70' lang='lat' dir='ltr'>Ceutrones</span> <span class='ocrx_word' id='word_1_132' title='bbox 291 1720 438 1768; x_wconf 87' lang='lat' dir='ltr'>seeundum</span> <span class='ocrx_word' id='word_1_133' title='bbox 458 1719 566 1770; x_wconf 83' lang='lat' dir='ltr'>codices</span> <span class='ocrx_word' id='word_1_134' title='bbox 585 1719 687 1781; x_wconf 83' lang='lat' dir='ltr'>Belgae</span> <span class='ocrx_word' id='word_1_135' title='bbox 708 1726 786 1786; x_wconf 83' lang='lat' dir='ltr'>sunt,</span> <span class='ocrx_word' id='word_1_136' title='bbox 810 1717 971 1772; x_wconf 73' lang='lat' dir='ltr'>Ceutrones</span> <span class='ocrx_word' id='word_1_137' title='bbox 988 1719 1018 1774; x_wconf 88' lang='lat' dir='ltr'>in</span> <span class='ocrx_word' id='word_1_138' title='bbox 1031 1721 1081 1770; x_wconf 85' lang='lat' dir='ltr'>hac</span> <span class='ocrx_word' id='word_1_139' title='bbox 1095 1718 1163 1775; x_wconf 78' lang='lat' dir='ltr'>Gal-</span> 
     </span>
     <span class='ocr_line' id='line_1_18' title="bbox 110 1787 1216 1852; baseline -0.003 -13"><span class='ocrx_word' id='word_1_140' title='bbox 110 1789 166 1840; x_wconf 88' lang='lat' dir='ltr'>liae</span> <span class='ocrx_word' id='word_1_141' title='bbox 185 1797 263 1850; x_wconf 87' lang='lat' dir='ltr'>parce</span> <span class='ocrx_word' id='word_1_142' title='bbox 284 1788 418 1838; x_wconf 81' lang='lat' dir='ltr'>collocant</span> <span class='ocrx_word' id='word_1_143' title='bbox 438 1787 559 1852; x_wconf 83' lang='lat' dir='ltr'>Plinius,</span> <span class='ocrx_word' id='word_1_144' title='bbox 581 1788 695 1852; x_wconf 77' lang='lat' dir='ltr'>Strabo,</span> <span class='ocrx_word' id='word_1_145' title='bbox 725 1788 898 1840; x_wconf 87' lang='lat' dir='ltr'>Ptolemaeus</span> <span class='ocrx_word' id='word_1_146' title='bbox 915 1788 985 1839; x_wconf 87' lang='lat' dir='ltr'>locis</span> <span class='ocrx_word' id='word_1_147' title='bbox 1005 1789 1040 1840; x_wconf 87' lang='lat' dir='ltr'>eb</span> <span class='ocrx_word' id='word_1_148' title='bbox 1056 1788 1163 1838; x_wconf 85' lang='lat' dir='ltr'>Vkerco</span> <span class='ocrx_word' id='word_1_149' title='bbox 1213 1803 1216 1810; x_wconf 51' lang='lat'><strong><em>¹</em></strong></span> 
     </span>
     <span class='ocr_line' id='line_1_19' title="bbox 111 1854 1164 1920; baseline -0.001 -13"><span class='ocrx_word' id='word_1_150' title='bbox 111 1870 138 1920; x_wconf 90' lang='lat' dir='ltr'>p.</span> <span class='ocrx_word' id='word_1_151' title='bbox 152 1858 216 1908; x_wconf 79' lang='lat'>318.</span> <span class='ocrx_word' id='word_1_152' title='bbox 234 1854 287 1908; x_wconf 78' lang='lat'>459</span> <span class='ocrx_word' id='word_1_153' title='bbox 303 1855 438 1908; x_wconf 81' lang='lat' dir='ltr'>iudicatis.</span> <span class='ocrx_word' id='word_1_154' title='bbox 476 1857 572 1920; x_wconf 81' lang='lat' dir='ltr'>ltaque</span> <span class='ocrx_word' id='word_1_155' title='bbox 585 1856 712 1908; x_wconf 87' lang='lat' dir='ltr'>meliores</span> <span class='ocrx_word' id='word_1_156' title='bbox 726 1856 835 1908; x_wconf 87' lang='lat' dir='ltr'>codices</span> <span class='ocrx_word' id='word_1_157' title='bbox 856 1859 882 1909; x_wconf 87' lang='lat' dir='ltr'>b.</span> <span class='ocrx_word' id='word_1_158' title='bbox 896 1854 1164 1920; x_wconf 81' lang='lat' dir='ltr'>1.1evioercorropoi</span> 
     </span>
     <span class='ocr_line' id='line_1_20' title="bbox 110 1925 245 1978; baseline -0.007 -2"><span class='ocrx_word' id='word_1_159' title='bbox 110 1925 245 1978; x_wconf 80' lang='lat' dir='ltr'>ridentur.</span> 
     </span>
    </p>

    <p class='ocr_par' dir='ltr' id='par_1_5' title="bbox 112 1992 1164 2336">
     <span class='ocr_line' id='line_1_21' title="bbox 146 1992 1164 2058; baseline 0.002 -14"><span class='ocrx_word' id='word_1_160' title='bbox 146 1992 299 2054; x_wconf 76' lang='lat' dir='ltr'>Graioceli]</span> <span class='ocrx_word' id='word_1_161' title='bbox 330 1995 408 2045; x_wconf 83' lang='lat' dir='ltr'>lianc</span> <span class='ocrx_word' id='word_1_162' title='bbox 426 1992 591 2058; x_wconf 87' lang='lat' dir='ltr'>scripturam</span> <span class='ocrx_word' id='word_1_163' title='bbox 609 1993 674 2045; x_wconf 86' lang='lat' dir='ltr'>libri</span> <span class='ocrx_word' id='word_1_164' title='bbox 691 1996 877 2046; x_wconf 80' lang='lat' dir='ltr'>commendant</span> <span class='ocrx_word' id='word_1_165' title='bbox 899 1992 944 2052; x_wconf 86' lang='lat' dir='ltr'>(in</span> <span class='ocrx_word' id='word_1_166' title='bbox 963 1994 1046 2058; x_wconf 84' lang='lat' dir='ltr'>ltong.</span> <span class='ocrx_word' id='word_1_167' title='bbox 1068 1993 1102 2044; x_wconf 82' lang='lat' dir='ltr'>A.</span> <span class='ocrx_word' id='word_1_168' title='bbox 1120 2001 1164 2046; x_wconf 85' lang='lat' dir='ltr'>est</span> 
     </span>
     <span class='ocr_line' id='line_1_22' title="bbox 112 2062 1162 2130; baseline 0.002 -17"><span class='ocrx_word' id='word_1_169' title='bbox 112 2062 301 2123; x_wconf 82' lang='lat' dir='ltr'>Graiocoeti).</span> <span class='ocrx_word' id='word_1_170' title='bbox 331 2063 467 2114; x_wconf 82' lang='lat' dir='ltr'>Geroceti</span> <span class='ocrx_word' id='word_1_171' title='bbox 475 2097 484 2130; x_wconf 96' lang='lat'>,</span> <span class='ocrx_word' id='word_1_172' title='bbox 507 2066 577 2126; x_wconf 85' lang='lat' dir='ltr'>quod</span> <span class='ocrx_word' id='word_1_173' title='bbox 598 2072 662 2114; x_wconf 85' lang='lat' dir='ltr'>ente</span> <span class='ocrx_word' id='word_1_174' title='bbox 676 2064 818 2116; x_wconf 79' lang='lat' dir='ltr'>Davisiurn</span> <span class='ocrx_word' id='word_1_175' title='bbox 835 2062 950 2115; x_wconf 80' lang='lat' dir='ltr'>obtinuit</span> <span class='ocrx_word' id='word_1_176' title='bbox 967 2062 1119 2123; x_wconf 78' lang='lat' dir='ltr'>(Goruceti</span> <span class='ocrx_word' id='word_1_177' title='bbox 1132 2063 1162 2115; x_wconf 91' lang='lat' dir='ltr'>in</span> 
     </span>
     <span class='ocr_line' id='line_1_23' title="bbox 114 2131 1161 2198; baseline 0 -15"><span class='ocrx_word' id='word_1_178' title='bbox 114 2134 183 2184; x_wconf 85' lang='lat' dir='ltr'>ven.</span> <span class='ocrx_word' id='word_1_179' title='bbox 197 2137 256 2184; x_wconf 89' lang='lat' dir='ltr'>cde.</span> <span class='ocrx_word' id='word_1_180' title='bbox 276 2135 337 2182; x_wconf 81' lang='lat' dir='ltr'>ner.</span> <span class='ocrx_word' id='word_1_181' title='bbox 352 2136 379 2183; x_wconf 88' lang='lat' dir='ltr'>et</span> <span class='ocrx_word' id='word_1_182' title='bbox 394 2133 478 2183; x_wconf 81' lang='lat' dir='ltr'>vind.</span> <span class='ocrx_word' id='word_1_183' title='bbox 492 2132 539 2192; x_wconf 85' lang='lat' dir='ltr'>F.)</span> <span class='ocrx_word' id='word_1_184' title='bbox 556 2131 584 2182; x_wconf 93' lang='lat' dir='ltr'>in</span> <span class='ocrx_word' id='word_1_185' title='bbox 597 2133 646 2183; x_wconf 88' lang='lat' dir='ltr'>Dr.</span> <span class='ocrx_word' id='word_1_186' title='bbox 659 2133 779 2185; x_wconf 69' lang='lat' dir='ltr'>avion.</span> <span class='ocrx_word' id='word_1_187' title='bbox 795 2135 851 2185; x_wconf 85' lang='lat' dir='ltr'>GD.</span> <span class='ocrx_word' id='word_1_188' title='bbox 866 2140 894 2184; x_wconf 82' lang='lat' dir='ltr'>ct</span> <span class='ocrx_word' id='word_1_189' title='bbox 913 2133 996 2198; x_wconf 82' lang='lat' dir='ltr'>Bong.</span> <span class='ocrx_word' id='word_1_190' title='bbox 1010 2131 1048 2198; x_wconf 72' lang='lat' dir='ltr'>(t,</span> <span class='ocrx_word' id='word_1_191' title='bbox 1066 2132 1161 2184; x_wconf 82' lang='lat' dir='ltr'>Gero-</span> 
     </span>
     <span class='ocr_line' id='line_1_24' title="bbox 112 2199 1161 2263; baseline 0 -10"><span class='ocrx_word' id='word_1_192' title='bbox 112 2202 218 2254; x_wconf 80' lang='lat' dir='ltr'>cettr&#39;in</span> <span class='ocrx_word' id='word_1_193' title='bbox 231 2201 313 2253; x_wconf 83' lang='lat' dir='ltr'>vind.</span> <span class='ocrx_word' id='word_1_194' title='bbox 328 2203 362 2252; x_wconf 75' lang='lat' dir='ltr'>z.</span> <span class='ocrx_word' id='word_1_195' title='bbox 381 2210 409 2252; x_wconf 84' lang='lat' dir='ltr'>et</span> <span class='ocrx_word' id='word_1_196' title='bbox 432 2203 480 2252; x_wconf 80' lang='lat' dir='ltr'>Gr.</span> <span class='ocrx_word' id='word_1_197' title='bbox 500 2213 535 2263; x_wconf 91' lang='lat' dir='ltr'>a,</span> <span class='ocrx_word' id='word_1_198' title='bbox 559 2199 685 2253; x_wconf 76' lang='lat' dir='ltr'>Goioceti</span> <span class='ocrx_word' id='word_1_199' title='bbox 703 2203 733 2253; x_wconf 90' lang='lat' dir='ltr'>in</span> <span class='ocrx_word' id='word_1_200' title='bbox 752 2202 834 2254; x_wconf 83' lang='lat' dir='ltr'>Vind.</span> <span class='ocrx_word' id='word_1_201' title='bbox 853 2205 890 2253; x_wconf 81' lang='lat' dir='ltr'>A.</span> <span class='ocrx_word' id='word_1_202' title='bbox 909 2201 959 2255; x_wconf 76' lang='lat' dir='ltr'>Cu.</span> <span class='ocrx_word' id='word_1_203' title='bbox 972 2203 1066 2255; x_wconf 88' lang='lat' dir='ltr'>codice</span> <span class='ocrx_word' id='word_1_204' title='bbox 1080 2202 1161 2255; x_wconf 82' lang='lat' dir='ltr'>ciac-</span> 
     </span>
     <span class='ocr_line' id='line_1_25' title="bbox 112 2269 908 2336; baseline -0.006 -12"><span class='ocrx_word' id='word_1_205' title='bbox 112 2270 198 2334; x_wconf 82' lang='lat' dir='ltr'>conii,</span> <span class='ocrx_word' id='word_1_206' title='bbox 215 2273 295 2323; x_wconf 83' lang='lat' dir='ltr'>Vrae.</span> <span class='ocrx_word' id='word_1_207' title='bbox 309 2273 339 2320; x_wconf 90' lang='lat' dir='ltr'>B.</span> <span class='ocrx_word' id='word_1_208' title='bbox 354 2279 382 2322; x_wconf 85' lang='lat' dir='ltr'>ec</span> <span class='ocrx_word' id='word_1_209' title='bbox 395 2272 496 2335; x_wconf 79' lang='lat' dir='ltr'>Boon,</span> <span class='ocrx_word' id='word_1_210' title='bbox 514 2269 637 2322; x_wconf 82' lang='lat' dir='ltr'>Gaioteti</span> <span class='ocrx_word' id='word_1_211' title='bbox 650 2273 679 2322; x_wconf 91' lang='lat' dir='ltr'>in</span> <span class='ocrx_word' id='word_1_212' title='bbox 691 2272 788 2324; x_wconf 88' lang='lat' dir='ltr'>liamb.</span> <span class='ocrx_word' id='word_1_213' title='bbox 799 2271 908 2336; x_wconf 83' lang='lat' dir='ltr'>legitur.</span> 
     </span>
    </p>

    <p class='ocr_par' dir='ltr' id='par_1_6' title="bbox 109 2337 1164 2686">
     <span class='ocr_line' id='line_1_26' title="bbox 145 2337 1161 2404; baseline -0.002 -13"><span class='ocrx_word' id='word_1_214' title='bbox 145 2340 172 2401; x_wconf 75' lang='lat' dir='ltr'>s.</span> <span class='ocrx_word' id='word_1_215' title='bbox 186 2338 213 2391; x_wconf 89' lang='grc'>5.</span> <span class='ocrx_word' id='word_1_216' title='bbox 246 2340 427 2404; x_wconf 77' lang='lat' dir='ltr'>Segusiauos]</span> <span class='ocrx_word' id='word_1_217' title='bbox 450 2340 520 2390; x_wconf 86' lang='lat' dir='ltr'>Lov.</span> <span class='ocrx_word' id='word_1_218' title='bbox 537 2340 610 2391; x_wconf 78' lang='lat' dir='ltr'>ticet.</span> <span class='ocrx_word' id='word_1_219' title='bbox 627 2341 738 2404; x_wconf 80' lang='lat' dir='ltr'>Lipsius</span> <span class='ocrx_word' id='word_1_220' title='bbox 752 2343 781 2391; x_wconf 92' lang='lat' dir='ltr'>et</span> <span class='ocrx_word' id='word_1_221' title='bbox 794 2353 868 2404; x_wconf 80' lang='lat' dir='ltr'>seqq·</span> <span class='ocrx_word' id='word_1_222' title='bbox 884 2337 1056 2393; x_wconf 76' lang='lat' dir='ltr'>Secusianos</span> <span class='ocrx_word' id='word_1_223' title='bbox 1070 2340 1161 2402; x_wconf 77' lang='lat' dir='ltr'>slepe.</span> 
     </span>
     <span class='ocr_line' id='line_1_27' title="bbox 109 2409 1163 2476; baseline -0.001 -14"><span class='ocrx_word' id='word_1_224' title='bbox 109 2409 270 2476; x_wconf 74' lang='lat' dir='ltr'>Sepuienos</span> <span class='ocrx_word' id='word_1_225' title='bbox 290 2411 348 2460; x_wconf 81' lang='lat' dir='ltr'>Pet.</span> <span class='ocrx_word' id='word_1_226' title='bbox 372 2410 544 2460; x_wconf 83' lang='lat' dir='ltr'>Sebueionoe</span> <span class='ocrx_word' id='word_1_227' title='bbox 563 2410 662 2473; x_wconf 83' lang='lat' dir='ltr'>reliqui</span> <span class='ocrx_word' id='word_1_228' title='bbox 682 2410 793 2462; x_wconf 87' lang='lat' dir='ltr'>codices</span> <span class='ocrx_word' id='word_1_229' title='bbox 815 2409 998 2470; x_wconf 70' lang='lat' dir='ltr'>(sebastenes</span> <span class='ocrx_word' id='word_1_230' title='bbox 1011 2409 1093 2460; x_wconf 77' lang='lat' dir='ltr'>Vind-</span> <span class='ocrx_word' id='word_1_231' title='bbox 1111 2410 1163 2468; x_wconf 78' lang='lat' dir='ltr'>A.)</span> 
     </span>
     <span class='ocr_line' id='line_1_28' title="bbox 110 2479 1163 2544; baseline 0 -14"><span class='ocrx_word' id='word_1_232' title='bbox 110 2492 173 2530; x_wconf 85' lang='lat' dir='ltr'>curu</span> <span class='ocrx_word' id='word_1_233' title='bbox 190 2481 251 2530; x_wconf 88' lang='lat' dir='ltr'>edd.</span> <span class='ocrx_word' id='word_1_234' title='bbox 273 2487 336 2530; x_wconf 81' lang='lat' dir='ltr'>anre</span> <span class='ocrx_word' id='word_1_235' title='bbox 356 2480 466 2544; x_wconf 75' lang='lat' dir='ltr'>stepin,</span> <span class='ocrx_word' id='word_1_236' title='bbox 492 2491 605 2540; x_wconf 85' lang='lat' dir='ltr'>quorum</span> <span class='ocrx_word' id='word_1_237' title='bbox 624 2479 774 2531; x_wconf 83' lang='lat' dir='ltr'>auctoritas</span> <span class='ocrx_word' id='word_1_238' title='bbox 791 2480 819 2530; x_wconf 86' lang='lat' dir='ltr'>h.</span> <span class='ocrx_word' id='word_1_239' title='bbox 835 2481 855 2530; x_wconf 95' lang='lat' dir='ltr'>l.</span> <span class='ocrx_word' id='word_1_240' title='bbox 868 2487 1013 2540; x_wconf 85' lang='lat' dir='ltr'>propterea</span> <span class='ocrx_word' id='word_1_241' title='bbox 1025 2480 1163 2542; x_wconf 79' lang='lat' dir='ltr'>sequenda</span> 
     </span>
     <span class='ocr_line' id='line_1_29' title="bbox 110 2544 1161 2616; baseline -0.003 -18"><span class='ocrx_word' id='word_1_242' title='bbox 110 2560 163 2598; x_wconf 89' lang='lat' dir='ltr'>nen</span> <span class='ocrx_word' id='word_1_243' title='bbox 176 2547 299 2614; x_wconf 86' lang='lat' dir='ltr'>videtur,</span> <span class='ocrx_word' id='word_1_244' title='bbox 324 2550 393 2611; x_wconf 87' lang='lat' dir='ltr'>quod</span> <span class='ocrx_word' id='word_1_245' title='bbox 408 2548 435 2611; x_wconf 89' lang='grc'>7,</span> <span class='ocrx_word' id='word_1_246' title='bbox 452 2544 487 2598; x_wconf 77' lang='grc'>64</span> <span class='ocrx_word' id='word_1_247' title='bbox 499 2555 527 2597; x_wconf 84' lang='lat' dir='ltr'>ec</span> <span class='ocrx_word' id='word_1_248' title='bbox 538 2546 573 2600; x_wconf 83' lang='lat'>75</span> <span class='ocrx_word' id='word_1_249' title='bbox 591 2561 688 2612; x_wconf 86' lang='lat' dir='ltr'>magno</span> <span class='ocrx_word' id='word_1_250' title='bbox 703 2560 838 2598; x_wconf 89' lang='lat' dir='ltr'>consensu</span> <span class='ocrx_word' id='word_1_251' title='bbox 852 2548 1027 2616; x_wconf 67' lang='lat' dir='ltr'>Segusiauos</span> <span class='ocrx_word' id='word_1_252' title='bbox 1042 2549 1161 2599; x_wconf 72' lang='lat' dir='ltr'>mentun.</span> 
     </span>
     <span class='ocr_line' id='line_1_30' title="bbox 109 2612 1164 2686; baseline 0.001 -18"><span class='ocrx_word' id='word_1_253' title='bbox 109 2615 153 2668; x_wconf 82' lang='lat' dir='ltr'>Gi.</span> <span class='ocrx_word' id='word_1_254' title='bbox 174 2619 264 2669; x_wconf 84' lang='lat' dir='ltr'>adnot.</span> <span class='ocrx_word' id='word_1_255' title='bbox 283 2618 345 2668; x_wconf 91' lang='lat' dir='ltr'>crit.</span> <span class='ocrx_word' id='word_1_256' title='bbox 366 2619 402 2668; x_wconf 86' lang='lat' dir='ltr'>ad</span> <span class='ocrx_word' id='word_1_257' title='bbox 422 2631 447 2667; x_wconf 89' lang='lat' dir='ltr'>c.</span> <span class='ocrx_word' id='word_1_258' title='bbox 461 2615 492 2683; x_wconf 81' lang='lat'>5,</span> <span class='ocrx_word' id='word_1_259' title='bbox 508 2621 535 2669; x_wconf 81' lang='lat'>3.</span> <span class='ocrx_word' id='word_1_260' title='bbox 568 2617 684 2669; x_wconf 80' lang='lat' dir='ltr'>Accedit</span> <span class='ocrx_word' id='word_1_261' title='bbox 702 2619 773 2685; x_wconf 82' lang='lat' dir='ltr'>qued</span> <span class='ocrx_word' id='word_1_262' title='bbox 791 2617 889 2672; x_wconf 81' lang='lat' dir='ltr'>Strabo</span> <span class='ocrx_word' id='word_1_263' title='bbox 901 2612 1100 2686; x_wconf 56' lang='lat' dir='ltr'>§apostamia</span> <span class='ocrx_word' id='word_1_264' title='bbox 1111 2630 1164 2681; x_wconf 82' lang='lat' dir='ltr'>ep-</span> 
     </span>
    </p>

    <p class='ocr_par' dir='ltr' id='par_1_7' title="bbox 79 2684 540 2754">
     <span class='ocr_line' id='line_1_31' title="bbox 79 2684 540 2754; baseline -0.004 -16"><span class='ocrx_word' id='word_1_265' title='bbox 79 2694 86 2699; x_wconf 85' lang='grc'><strong><em>’</em></strong></span> <span class='ocrx_word' id='word_1_266' title='bbox 110 2686 196 2750; x_wconf 78' lang='lat' dir='ltr'>peltae</span> <span class='ocrx_word' id='word_1_267' title='bbox 208 2688 228 2737; x_wconf 91' lang='lat'>1.</span> <span class='ocrx_word' id='word_1_268' title='bbox 241 2684 275 2754; x_wconf 79' lang='lat'>4,</span> <span class='ocrx_word' id='word_1_269' title='bbox 291 2684 366 2752; x_wconf 74' lang='lat' dir='ltr'>pse</span> <span class='ocrx_word' id='word_1_270' title='bbox 381 2689 424 2737; x_wconf 88' lang='lat' dir='ltr'>ed.</span> <span class='ocrx_word' id='word_1_271' title='bbox 440 2688 540 2738; x_wconf 69' lang='lat' dir='ltr'>&#39;Pescla</span> 
     </span>
    </p>
   </div>
   <div class='ocr_carea' id='block_1_4' title="bbox 43 2833 1173 4156">
    <p class='ocr_par' dir='ltr' id='par_1_8' title="bbox 43 2833 1173 4156">
     <span class='ocr_line' id='line_1_32' title="bbox 80 2833 1164 2907; baseline -0.001 -11"><span class='ocrx_word' id='word_1_272' title='bbox 80 2842 191 2896; x_wconf 75' lang='lat' dir='ltr'>Rabirio</span> <span class='ocrx_word' id='word_1_273' title='bbox 211 2845 286 2907; x_wconf 87' lang='lat' dir='ltr'>perd.</span> <span class='ocrx_word' id='word_1_274' title='bbox 299 2856 323 2894; x_wconf 89' lang='lat' dir='ltr'>r.</span> <span class='ocrx_word' id='word_1_275' title='bbox 338 2842 404 2903; x_wconf 76' lang='lat' dir='ltr'>c-7)</span> <span class='ocrx_word' id='word_1_276' title='bbox 424 2848 452 2892; x_wconf 83' lang='lat' dir='ltr'>et</span> <span class='ocrx_word' id='word_1_277' title='bbox 464 2854 490 2893; x_wconf 88' lang='lat' dir='ltr'>a.</span> <span class='ocrx_word' id='word_1_278' title='bbox 505 2854 532 2891; x_wconf 92' lang='lat' dir='ltr'>u.</span> <span class='ocrx_word' id='word_1_279' title='bbox 546 2841 599 2892; x_wconf 82' lang='grc'>691</span> <span class='ocrx_word' id='word_1_280' title='bbox 643 2837 716 2893; x_wconf 88' lang='lat' dir='ltr'>saris</span> <span class='ocrx_word' id='word_1_281' title='bbox 735 2840 770 2891; x_wconf 91' lang='lat' dir='ltr'>de</span> <span class='ocrx_word' id='word_1_282' title='bbox 790 2839 852 2892; x_wconf 91' lang='lat' dir='ltr'>dolo</span> <span class='ocrx_word' id='word_1_283' title='bbox 872 2833 958 2902; x_wconf 87' lang='lat' dir='ltr'>ipsias</span> <span class='ocrx_word' id='word_1_284' title='bbox 988 2841 1076 2900; x_wconf 83' lang='lat' dir='ltr'>(soleo</span> <span class='ocrx_word' id='word_1_285' title='bbox 1096 2837 1164 2896; x_wconf 84' lang='lat' dir='ltr'>tolia</span> 
     </span>
     <span class='ocr_line' id='line_1_33' title="bbox 81 2909 1164 2976; baseline -0.004 -11"><span class='ocrx_word' id='word_1_286' title='bbox 81 2915 203 2965; x_wconf 68' lang='lat' dir='ltr'>minues</span> <span class='ocrx_word' id='word_1_287' title='bbox 221 2912 310 2976; x_wconf 86' lang='lat' dir='ltr'>plebis</span> <span class='ocrx_word' id='word_1_288' title='bbox 329 2915 402 2964; x_wconf 86' lang='lat' dir='ltr'>totus</span> <span class='ocrx_word' id='word_1_289' title='bbox 423 2911 451 2960; x_wconf 91' lang='lat' dir='ltr'>in</span> <span class='ocrx_word' id='word_1_290' title='bbox 469 2909 601 2963; x_wconf 77' lang='lat' dir='ltr'>Caesaris</span> <span class='ocrx_word' id='word_1_291' title='bbox 643 2909 808 2974; x_wconf 84' lang='lat' dir='ltr'>praeterire)</span> <span class='ocrx_word' id='word_1_292' title='bbox 815 2920 895 2973; x_wconf 86' lang='lat' dir='ltr'>quam</span> <span class='ocrx_word' id='word_1_293' title='bbox 902 2910 1164 2975; x_wconf 86' lang='lat' dir='ltr'>complurinmproe-</span> 
     </span>
     <span class='ocr_line' id='line_1_34' title="bbox 67 2976 1164 3047; baseline -0.002 -13"><span class='ocrx_word' id='word_1_294' title='bbox 67 2976 215 3045; x_wconf 75' lang='lat' dir='ltr'>‘potesome</span> <span class='ocrx_word' id='word_1_295' title='bbox 236 2985 341 3045; x_wconf 79' lang='lat' dir='ltr'>iuerat,</span> <span class='ocrx_word' id='word_1_296' title='bbox 364 2979 537 3031; x_wconf 84' lang='lat' dir='ltr'>utilissimam</span> <span class='ocrx_word' id='word_1_297' title='bbox 559 2980 601 3030; x_wconf 86' lang='lat' dir='ltr'>ei·</span> <span class='ocrx_word' id='word_1_298' title='bbox 642 2982 740 3031; x_wconf 82' lang='lat' dir='ltr'>liorem</span> <span class='ocrx_word' id='word_1_299' title='bbox 758 2982 784 3030; x_wconf 86' lang='lat' dir='ltr'>h.</span> <span class='ocrx_word' id='word_1_300' title='bbox 797 2979 817 3028; x_wconf 90' lang='lat'>1.</span> <span class='ocrx_word' id='word_1_301' title='bbox 830 2979 906 3030; x_wconf 82' lang='lat' dir='ltr'>iacta</span> <span class='ocrx_word' id='word_1_302' title='bbox 920 2979 1035 3047; x_wconf 86' lang='lat' dir='ltr'>mentio,</span> <span class='ocrx_word' id='word_1_303' title='bbox 1053 2989 1081 3031; x_wconf 84' lang='lat' dir='ltr'>et</span> <span class='ocrx_word' id='word_1_304' title='bbox 1093 2983 1164 3045; x_wconf 83' lang='lat' dir='ltr'>quod</span> 
     </span>
     <span class='ocr_line' id='line_1_35' title="bbox 80 3048 1165 3111; baseline 0.001 -9"><span class='ocrx_word' id='word_1_305' title='bbox 80 3053 137 3102; x_wconf 83' lang='lat' dir='ltr'>elem</span> <span class='ocrx_word' id='word_1_306' title='bbox 150 3052 180 3102; x_wconf 88' lang='lat' dir='ltr'>in</span> <span class='ocrx_word' id='word_1_307' title='bbox 193 3052 265 3102; x_wconf 87' lang='lat' dir='ltr'>bello</span> <span class='ocrx_word' id='word_1_308' title='bbox 278 3051 384 3102; x_wconf 79' lang='lat' dir='ltr'>Gallico</span> <span class='ocrx_word' id='word_1_309' title='bbox 397 3062 507 3111; x_wconf 88' lang='lat' dir='ltr'>operam</span> <span class='ocrx_word' id='word_1_310' title='bbox 520 3061 602 3111; x_wconf 90' lang='lat' dir='ltr'>prae·</span> <span class='ocrx_word' id='word_1_311' title='bbox 644 3048 691 3100; x_wconf 91' lang='lat' dir='ltr'>uni</span> <span class='ocrx_word' id='word_1_312' title='bbox 703 3050 844 3109; x_wconf 81' lang='lat' dir='ltr'>Polyaeno</span> <span class='ocrx_word' id='word_1_313' title='bbox 857 3059 910 3098; x_wconf 94' lang='lat' dir='ltr'>non</span> <span class='ocrx_word' id='word_1_314' title='bbox 922 3049 1012 3101; x_wconf 82' lang='lat' dir='ltr'>omnia</span> <span class='ocrx_word' id='word_1_315' title='bbox 1028 3053 1165 3103; x_wconf 81' lang='lat' dir='ltr'>credenda</span> 
     </span>
     <span class='ocr_line' id='line_1_36' title="bbox 80 3118 952 3186; baseline -0.006 -15"><span class='ocrx_word' id='word_1_316' title='bbox 80 3121 166 3186; x_wconf 80' lang='lat' dir='ltr'>stitit,</span> <span class='ocrx_word' id='word_1_317' title='bbox 191 3120 311 3171; x_wconf 82' lang='lat' dir='ltr'>incivili</span> <span class='ocrx_word' id='word_1_318' title='bbox 325 3120 474 3172; x_wconf 87' lang='lat' dir='ltr'>acerrimus</span> <span class='ocrx_word' id='word_1_319' title='bbox 486 3119 539 3169; x_wconf 81' lang='lat' dir='ltr'>fuit</span> <span class='ocrx_word' id='word_1_320' title='bbox 551 3120 602 3170; x_wconf 75' lang='lat' dir='ltr'>sd·</span> <span class='ocrx_word' id='word_1_321' title='bbox 644 3122 722 3184; x_wconf 89' lang='lat' dir='ltr'>sunt,</span> <span class='ocrx_word' id='word_1_322' title='bbox 740 3118 819 3167; x_wconf 89' lang='lat' dir='ltr'>fidem</span> <span class='ocrx_word' id='word_1_323' title='bbox 831 3119 952 3180; x_wconf 84' lang='lat' dir='ltr'>derogat.</span> 
     </span>
     <span class='ocr_line' id='line_1_37' title="bbox 43 3185 1165 3249; baseline -0.006 -4"><span class='ocrx_word' id='word_1_324' title='bbox 43 3239 47 3245; x_wconf 92' lang='lat'>.</span> <span class='ocrx_word' id='word_1_325' title='bbox 80 3189 232 3242; x_wconf 76' lang='lat' dir='ltr'>serrarius.</span> <span class='ocrx_word' id='word_1_326' title='bbox 695 3185 833 3238; x_wconf 85' lang='lat' dir='ltr'>ulterioris</span> <span class='ocrx_word' id='word_1_327' title='bbox 847 3185 1018 3249; x_wconf 87' lang='lat' dir='ltr'>provinciae]</span> <span class='ocrx_word' id='word_1_328' title='bbox 1038 3185 1165 3239; x_wconf 86' lang='lat' dir='ltr'>Breviter</span> 
     </span>
     <span class='ocr_line' id='line_1_38' title="bbox 128 3255 1166 3320; baseline -0.001 -10"><span class='ocrx_word' id='word_1_329' title='bbox 128 3258 156 3319; x_wconf 82' lang='lat' dir='ltr'>S·</span> <span class='ocrx_word' id='word_1_330' title='bbox 170 3258 197 3310; x_wconf 84' lang='lat'>5.</span> <span class='ocrx_word' id='word_1_331' title='bbox 232 3255 476 3320; x_wconf 78' lang='lat' dir='ltr'>compluribnslris</span> <span class='ocrx_word' id='word_1_332' title='bbox 490 3255 603 3318; x_wconf 88' lang='lat' dir='ltr'>proeliis</span> <span class='ocrx_word' id='word_1_333' title='bbox 644 3255 816 3317; x_wconf 82' lang='lat' dir='ltr'>dictampno</span> <span class='ocrx_word' id='word_1_334' title='bbox 838 3255 1097 3318; x_wconf 80' lang='lat' dir='ltr'>quueertctottns</span> <span class='ocrx_word' id='word_1_335' title='bbox 1110 3258 1166 3310; x_wconf 89' lang='lat' dir='ltr'>utt.</span> 
     </span>
     <span class='ocr_line' id='line_1_39' title="bbox 80 3322 1168 3447; baseline -0.002 -69"><span class='ocrx_word' id='word_1_336' title='bbox 80 3322 182 3447; x_wconf 50' lang='lat' dir='ltr'>pulsis]</span> <span class='ocrx_word' id='word_1_337' title='bbox 209 3327 369 3389; x_wconf 85' lang='lat' dir='ltr'>Polyaenus</span> <span class='ocrx_word' id='word_1_338' title='bbox 384 3328 502 3391; x_wconf 82' lang='lat' dir='ltr'>Strateg.</span> <span class='ocrx_word' id='word_1_339' title='bbox 514 3325 541 3392; x_wconf 86' lang='lat'>8,</span> <span class='ocrx_word' id='word_1_340' title='bbox 556 3328 601 3392; x_wconf 83' lang='lat'>23,</span> <span class='ocrx_word' id='word_1_341' title='bbox 643 3339 729 3393; x_wconf 85' lang='lat' dir='ltr'>proc.</span> <span class='ocrx_word' id='word_1_342' title='bbox 743 3325 790 3373; x_wconf 89' lang='lat' dir='ltr'>vel</span> <span class='ocrx_word' id='word_1_343' title='bbox 803 3322 851 3391; x_wconf 81' lang='lat' dir='ltr'>qui</span> <span class='ocrx_word' id='word_1_344' title='bbox 865 3326 934 3375; x_wconf 83' lang='lat' dir='ltr'>sunt</span> <span class='ocrx_word' id='word_1_345' title='bbox 947 3325 1001 3375; x_wconf 83' lang='lat' dir='ltr'>uit.</span> <span class='ocrx_word' id='word_1_346' title='bbox 1018 3337 1119 3394; x_wconf 77' lang='lat' dir='ltr'>prou,</span> <span class='ocrx_word' id='word_1_347' title='bbox 1136 3333 1168 3376; x_wconf 83' lang='lat' dir='ltr'>uc</span> 
     </span>
     <span class='ocr_line' id='line_1_40' title="bbox 113 3393 1168 3461; baseline -0.001 -14"><span class='ocrx_word' id='word_1_348' title='bbox 113 3397 231 3448; x_wconf 83' lang='lat' dir='ltr'>nebulae</span> <span class='ocrx_word' id='word_1_349' title='bbox 244 3395 385 3461; x_wconf 86' lang='lat' dir='ltr'>beneficio,</span> <span class='ocrx_word' id='word_1_350' title='bbox 399 3407 468 3458; x_wconf 85' lang='lat' dir='ltr'>quae</span> <span class='ocrx_word' id='word_1_351' title='bbox 482 3395 603 3446; x_wconf 86' lang='lat' dir='ltr'>crassis·</span> <span class='ocrx_word' id='word_1_352' title='bbox 645 3405 689 3447; x_wconf 85' lang='lat' dir='ltr'>esc</span> <span class='ocrx_word' id='word_1_353' title='bbox 702 3398 735 3458; x_wconf 82' lang='lat'>3,</span> <span class='ocrx_word' id='word_1_354' title='bbox 753 3398 802 3444; x_wconf 85' lang='lat'>23:</span> <span class='ocrx_word' id='word_1_355' title='bbox 819 3393 960 3444; x_wconf 81' lang='lat' dir='ltr'>mittuntur</span> <span class='ocrx_word' id='word_1_356' title='bbox 973 3394 1055 3444; x_wconf 87' lang='lat' dir='ltr'>etiam</span> <span class='ocrx_word' id='word_1_357' title='bbox 1070 3399 1105 3447; x_wconf 88' lang='lat' dir='ltr'>ad</span> <span class='ocrx_word' id='word_1_358' title='bbox 1119 3407 1168 3446; x_wconf 83' lang='lat' dir='ltr'>eas</span> 
     </span>
     <span class='ocr_line' id='line_1_41' title="bbox 80 3462 1167 3533; baseline 0.001 -17"><span class='ocrx_word' id='word_1_359' title='bbox 80 3466 149 3517; x_wconf 66' lang='lat' dir='ltr'>uma</span> <span class='ocrx_word' id='word_1_360' title='bbox 169 3466 199 3516; x_wconf 89' lang='lat' dir='ltr'>in</span> <span class='ocrx_word' id='word_1_361' title='bbox 217 3465 275 3516; x_wconf 90' lang='lat' dir='ltr'>illis</span> <span class='ocrx_word' id='word_1_362' title='bbox 293 3466 429 3516; x_wconf 84' lang='lat' dir='ltr'>montibus</span> <span class='ocrx_word' id='word_1_363' title='bbox 446 3477 525 3515; x_wconf 86' lang='lat' dir='ltr'>mene</span> <span class='ocrx_word' id='word_1_364' title='bbox 540 3475 603 3514; x_wconf 88' lang='lat' dir='ltr'>esse</span> <span class='ocrx_word' id='word_1_365' title='bbox 647 3464 775 3516; x_wconf 84' lang='lat' dir='ltr'>civitates</span> <span class='ocrx_word' id='word_1_366' title='bbox 797 3462 905 3533; x_wconf 82' lang='lat' dir='ltr'>legati,</span> <span class='ocrx_word' id='word_1_367' title='bbox 921 3475 993 3530; x_wconf 81' lang='lat' dir='ltr'>quoe</span> <span class='ocrx_word' id='word_1_368' title='bbox 1011 3467 1082 3517; x_wconf 81' lang='lat' dir='ltr'>sunt</span> <span class='ocrx_word' id='word_1_369' title='bbox 1094 3465 1167 3518; x_wconf 82' lang='lat' dir='ltr'>cite-</span> 
     </span>
     <span class='ocr_line' id='line_1_42' title="bbox 81 3531 921 3600; baseline 0.002 -16"><span class='ocrx_word' id='word_1_370' title='bbox 81 3537 188 3600; x_wconf 87' lang='lat' dir='ltr'>eoleat,</span> <span class='ocrx_word' id='word_1_371' title='bbox 213 3535 376 3586; x_wconf 83' lang='lat' dir='ltr'>occultatam</span> <span class='ocrx_word' id='word_1_372' title='bbox 390 3541 494 3597; x_wconf 86' lang='lat' dir='ltr'>partem</span> <span class='ocrx_word' id='word_1_373' title='bbox 511 3533 605 3596; x_wconf 91' lang='lat' dir='ltr'>copia·</span> <span class='ocrx_word' id='word_1_374' title='bbox 647 3533 740 3587; x_wconf 77' lang='lat' dir='ltr'>rioris</span> <span class='ocrx_word' id='word_1_375' title='bbox 755 3531 921 3596; x_wconf 79' lang='lat' dir='ltr'>Hispaniae.</span> 
     </span>
     <span class='ocr_line' id='line_1_43' title="bbox 81 3596 1170 3668; baseline -0.002 -13"><span class='ocrx_word' id='word_1_376' title='bbox 81 3616 140 3657; x_wconf 86' lang='lat' dir='ltr'>rum</span> <span class='ocrx_word' id='word_1_377' title='bbox 162 3617 247 3666; x_wconf 85' lang='lat' dir='ltr'>super</span> <span class='ocrx_word' id='word_1_378' title='bbox 265 3606 357 3654; x_wconf 79' lang='lat' dir='ltr'>hostes</span> <span class='ocrx_word' id='word_1_379' title='bbox 376 3603 405 3652; x_wconf 88' lang='lat' dir='ltr'>in</span> <span class='ocrx_word' id='word_1_380' title='bbox 423 3602 605 3654; x_wconf 83' lang='lat' dir='ltr'>culminaAl-</span> <span class='ocrx_word' id='word_1_381' title='bbox 700 3596 736 3653; x_wconf 85' lang='lat' dir='ltr'>lii</span> <span class='ocrx_word' id='word_1_382' title='bbox 765 3603 827 3651; x_wconf 91' lang='lat' dir='ltr'>sunt</span> <span class='ocrx_word' id='word_1_383' title='bbox 842 3625 878 3639; x_wconf 87' lang='lat'>-·</span> <span class='ocrx_word' id='word_1_384' title='bbox 893 3601 987 3666; x_wconf 87' lang='lat' dir='ltr'>primi]</span> <span class='ocrx_word' id='word_1_385' title='bbox 1021 3603 1170 3668; x_wconf 74' lang='lat' dir='ltr'>Perperene</span> 
     </span>
     <span class='ocr_line' id='line_1_44' title="bbox 81 3670 1169 3738; baseline -0.001 -14"><span class='ocrx_word' id='word_1_386' title='bbox 81 3674 156 3737; x_wconf 88' lang='lat' dir='ltr'>pium·</span> <span class='ocrx_word' id='word_1_387' title='bbox 166 3674 324 3724; x_wconf 86' lang='lat' dir='ltr'>escendisse</span> <span class='ocrx_word' id='word_1_388' title='bbox 337 3680 365 3723; x_wconf 84' lang='lat' dir='ltr'>et</span> <span class='ocrx_word' id='word_1_389' title='bbox 377 3683 475 3735; x_wconf 85' lang='lat' dir='ltr'>magno</span> <span class='ocrx_word' id='word_1_390' title='bbox 487 3673 606 3723; x_wconf 89' lang='lat' dir='ltr'>clamore</span> <span class='ocrx_word' id='word_1_391' title='bbox 648 3675 850 3734; x_wconf 73' lang='lat' dir='ltr'>metaphrastes</span> <span class='ocrx_word' id='word_1_392' title='bbox 874 3673 942 3722; x_wconf 89' lang='lat' dir='ltr'>haec</span> <span class='ocrx_word' id='word_1_393' title='bbox 961 3670 1067 3738; x_wconf 81' lang='lat' dir='ltr'>omisit,</span> <span class='ocrx_word' id='word_1_394' title='bbox 1099 3687 1169 3736; x_wconf 85' lang='lat' dir='ltr'>quae</span> 
     </span>
     <span class='ocr_line' id='line_1_45' title="bbox 81 3740 1169 3806; baseline 0.001 -14"><span class='ocrx_word' id='word_1_395' title='bbox 81 3744 190 3793; x_wconf 83' lang='lat' dir='ltr'>sublaco</span> <span class='ocrx_word' id='word_1_396' title='bbox 212 3754 297 3804; x_wconf 88' lang='lat' dir='ltr'>eoque</span> <span class='ocrx_word' id='word_1_397' title='bbox 316 3745 350 3794; x_wconf 89' lang='lat' dir='ltr'>ab</span> <span class='ocrx_word' id='word_1_398' title='bbox 365 3745 453 3795; x_wconf 78' lang='lat' dir='ltr'>altera</span> <span class='ocrx_word' id='word_1_399' title='bbox 466 3749 543 3803; x_wconf 85' lang='lat' dir='ltr'>parte</span> <span class='ocrx_word' id='word_1_400' title='bbox 561 3741 604 3791; x_wconf 88' lang='lat' dir='ltr'>in·</span> <span class='ocrx_word' id='word_1_401' title='bbox 648 3743 683 3794; x_wconf 89' lang='lat' dir='ltr'>ad</span> <span class='ocrx_word' id='word_1_402' title='bbox 703 3741 917 3804; x_wconf 80' lang='lat' dir='ltr'>cognoscendum</span> <span class='ocrx_word' id='word_1_403' title='bbox 936 3740 1018 3791; x_wconf 84' lang='lat' dir='ltr'>situm</span> <span class='ocrx_word' id='word_1_404' title='bbox 1036 3743 1169 3806; x_wconf 79' lang='lat' dir='ltr'>Segusia-</span> 
     </span>
     <span class='ocr_line' id='line_1_46' title="bbox 82 3810 1171 3874; baseline -0.003 -9"><span class='ocrx_word' id='word_1_405' title='bbox 82 3813 182 3865; x_wconf 82' lang='lat' dir='ltr'>iertore</span> <span class='ocrx_word' id='word_1_406' title='bbox 210 3818 327 3874; x_wconf 86' lang='lat' dir='ltr'>excepto</span> <span class='ocrx_word' id='word_1_407' title='bbox 350 3820 452 3863; x_wconf 83' lang='lat' dir='ltr'>cantum</span> <span class='ocrx_word' id='word_1_408' title='bbox 483 3810 606 3864; x_wconf 84' lang='lat' dir='ltr'>hostibus</span> <span class='ocrx_word' id='word_1_409' title='bbox 647 3825 743 3863; x_wconf 88' lang='lat' dir='ltr'>norum</span> <span class='ocrx_word' id='word_1_410' title='bbox 762 3824 859 3874; x_wconf 86' lang='lat' dir='ltr'>parum</span> <span class='ocrx_word' id='word_1_411' title='bbox 877 3817 941 3860; x_wconf 84' lang='lat' dir='ltr'>cunc</span> <span class='ocrx_word' id='word_1_412' title='bbox 962 3811 1128 3873; x_wconf 84' lang='lat' dir='ltr'>cognitorum</span> <span class='ocrx_word' id='word_1_413' title='bbox 1143 3818 1171 3861; x_wconf 81' lang='lat' dir='ltr'>et</span> 
     </span>
     <span class='ocr_line' id='line_1_47' title="bbox 84 3879 1171 3946; baseline -0.002 -13"><span class='ocrx_word' id='word_1_414' title='bbox 84 3891 216 3933; x_wconf 83' lang='lat' dir='ltr'>terrorem</span> <span class='ocrx_word' id='word_1_415' title='bbox 237 3881 365 3932; x_wconf 87' lang='lat' dir='ltr'>iniecisse</span> <span class='ocrx_word' id='word_1_416' title='bbox 379 3887 492 3946; x_wconf 82' lang='lat' dir='ltr'>narret,</span> <span class='ocrx_word' id='word_1_417' title='bbox 516 3889 546 3932; x_wconf 86' lang='lat' dir='ltr'>uc</span> <span class='ocrx_word' id='word_1_418' title='bbox 560 3893 607 3930; x_wconf 88' lang='lat' dir='ltr'>rc·</span> <span class='ocrx_word' id='word_1_419' title='bbox 649 3883 685 3933; x_wconf 85' lang='lat' dir='ltr'>ad</span> <span class='ocrx_word' id='word_1_420' title='bbox 705 3880 811 3931; x_wconf 83' lang='lat' dir='ltr'>itineris</span> <span class='ocrx_word' id='word_1_421' title='bbox 828 3879 961 3932; x_wconf 82' lang='lat' dir='ltr'>rationem</span> <span class='ocrx_word' id='word_1_422' title='bbox 974 3880 1105 3932; x_wconf 81' lang='lat' dir='ltr'>caeseris</span> <span class='ocrx_word' id='word_1_423' title='bbox 1119 3881 1171 3931; x_wconf 91' lang='lat' dir='ltr'>de-</span> 
     </span>
     <span class='ocr_line' id='line_1_48' title="bbox 85 3949 1173 4017; baseline -0.005 -16"><span class='ocrx_word' id='word_1_424' title='bbox 85 3960 173 4015; x_wconf 83' lang='lat' dir='ltr'>pente·</span> <span class='ocrx_word' id='word_1_425' title='bbox 192 3951 366 4017; x_wconf 70' lang='lat' dir='ltr'>diffugerint,</span> <span class='ocrx_word' id='word_1_426' title='bbox 405 3949 511 4001; x_wconf 81' lang='lat' dir='ltr'>caesar</span> <span class='ocrx_word' id='word_1_427' title='bbox 547 3950 607 3999; x_wconf 87' lang='lat' dir='ltr'>sine</span> <span class='ocrx_word' id='word_1_428' title='bbox 650 3950 851 4002; x_wconf 84' lang='lat' dir='ltr'>monstrandam</span> <span class='ocrx_word' id='word_1_429' title='bbox 873 3950 1030 4001; x_wconf 85' lang='lat' dir='ltr'>necessarie</span> <span class='ocrx_word' id='word_1_430' title='bbox 1056 3956 1120 3999; x_wconf 85' lang='lat' dir='ltr'>senc</span> <span class='ocrx_word' id='word_1_431' title='bbox 1143 3954 1173 3997; x_wconf 81' lang='lat' dir='ltr'>et</span> 
     </span>
     <span class='ocr_line' id='line_1_49' title="bbox 87 4017 1172 4084; baseline -0.001 -13"><span class='ocrx_word' id='word_1_432' title='bbox 87 4022 188 4084; x_wconf 87' lang='lat' dir='ltr'>proelio</span> <span class='ocrx_word' id='word_1_433' title='bbox 212 4023 300 4082; x_wconf 87' lang='lat' dir='ltr'>Alpes</span> <span class='ocrx_word' id='word_1_434' title='bbox 330 4019 512 4080; x_wconf 81' lang='lat' dir='ltr'>superaverit.</span> <span class='ocrx_word' id='word_1_435' title='bbox 557 4017 608 4069; x_wconf 77' lang='lat' dir='ltr'>Cori</span> <span class='ocrx_word' id='word_1_436' title='bbox 651 4019 816 4081; x_wconf 83' lang='lat' dir='ltr'>Segusiauos</span> <span class='ocrx_word' id='word_1_437' title='bbox 829 4020 863 4069; x_wconf 88' lang='lat' dir='ltr'>ad</span> <span class='ocrx_word' id='word_1_438' title='bbox 877 4020 1083 4082; x_wconf 82' lang='lat' dir='ltr'>septentrionem</span> <span class='ocrx_word' id='word_1_439' title='bbox 1093 4019 1172 4070; x_wconf 79' lang='lat' dir='ltr'>Allo-</span> 
     </span>
     <span class='ocr_line' id='line_1_50' title="bbox 88 4085 1173 4156; baseline -0.002 -13"><span class='ocrx_word' id='word_1_440' title='bbox 88 4089 237 4146; x_wconf 78' lang='lat' dir='ltr'>cenationi</span> <span class='ocrx_word' id='word_1_441' title='bbox 249 4101 304 4147; x_wconf 88' lang='lat' dir='ltr'>nou</span> <span class='ocrx_word' id='word_1_442' title='bbox 318 4092 374 4142; x_wconf 70' lang='lat' dir='ltr'>mm</span> <span class='ocrx_word' id='word_1_443' title='bbox 388 4089 524 4142; x_wconf 80' lang='lat' dir='ltr'>silentium</span> <span class='ocrx_word' id='word_1_444' title='bbox 537 4088 610 4142; x_wconf 78' lang='lat' dir='ltr'>Gae-</span> <span class='ocrx_word' id='word_1_445' title='bbox 650 4089 780 4154; x_wconf 83' lang='lat' dir='ltr'>brogibus</span> <span class='ocrx_word' id='word_1_446' title='bbox 799 4087 928 4140; x_wconf 81' lang='lat' dir='ltr'>finitimos</span> <span class='ocrx_word' id='word_1_447' title='bbox 941 4086 1044 4156; x_wconf 85' lang='lat' dir='ltr'>icisse,</span> <span class='ocrx_word' id='word_1_448' title='bbox 1067 4085 1173 4141; x_wconf 84' lang='lat' dir='ltr'>caesa-</span> 
     </span>
    </p>
   </div>
   <div class='ocr_carea' id='block_1_5' title="bbox 0 0 1295 4688">
    <p class='ocr_par' dir='ltr' id='par_1_9' title="bbox 0 0 1295 4688">
     <span class='ocr_line' id='line_1_51' title="bbox 0 0 1295 4688; baseline 0 0"><span class='ocrx_word' id='word_1_449' title='bbox 0 0 1295 4688; x_wconf 95' lang='lat' dir='ltr'> </span> 
     </span>
    </p>
   </div>
  </div>
 </body>
</html>
