2572 4688
412 204 579 375 elne
622 247 817 326 enen
883 276 887 283 ·
974 224 983 233 ’
1114 260 1162 330 os

68 440 1163 621 iiiieiiiiiiiiiiiii:„iiiiiiiiiiiieii‘ii

68 625 226 701 cessent,
263 618 484 708 reliquasque
517 620 674 687 ciutntes
709 618 962 710 stipendiarias,
985 620 1160 692 heberent.
1213 668 1215 673 -

68 708 271 790 Petierunt,
291 709 345 775 uti
364 708 431 774 sibi
453 708 629 788 concilium
650 707 757 775 totius
773 707 907 776 Galliae
926 709 963 773 in
983 707 1072 789 diem
1086 732 1160 776 cer-
1181 713 1203 776 3

68 802 141 863 tarn
159 794 310 863 indicere
324 794 427 884 idque
441 794 601 864 Caesaris
611 798 786 865 voluntate
798 797 909 863 facere
922 795 1060 864 liceret:
1082 819 1160 865 ecee

68 884 194 951 habere
215 882 380 972 quasdam
401 893 484 966 res,
505 904 591 972 qnae
611 906 652 950 ex
673 885 841 951 communi
861 904 1034 957 consensu,
1049 883 1092 951 nb
1117 907 1158 953 eo

67 979 194 1061 petere·
217 972 356 1042 uellent.
435 969 485 1038 Eo
505 993 545 1038 re
567 972 734 1061 permissa
759 971 848 1039 diem
868 972 1010 1039 coneilio
1032 968 1203 1039 consti-4

67 1063 211 1127 tuerent
238 1066 276 1126 et
301 1056 520 1126 iureiurando
542 1081 584 1126 ne
607 1060 684 1148 quis
705 1061 912 1142 enuntiaret,
947 1061 1014 1127 nisi
1034 1060 1161 1147 quibus

67 1146 240 1214 communi
261 1148 403 1214 consilio
430 1145 623 1213 mundatum
648 1155 757 1228 esset,
793 1148 884 1214 inter
906 1169 944 1214 ee
965 1154 1161 1218 sanxerunt.

65 1238 127 1304 31.
169 1230 222 1301 Eo
242 1235 385 1302 concilio
407 1233 549 1302 dimisso
571 1235 661 1302 idem
683 1234 854 1324 principes
877 1235 1073 1317 ciuitatum,
1100 1235 1161 1324 qui

66 1329 151 1390 ante
173 1324 310 1390 inerant
329 1321 373 1390 ad
388 1321 588 1408 Caesarem,
608 1329 822 1392 reverterunt
835 1324 1099 1419 petieruntque,
1107 1325 1161 1392 uti

138 1514 306 1580 congerent]
328 1513 495 1584 detererent
507 1517 576 1568 Oui.
591 1519 625 1581 ²3
648 1514 694 1568 cui
708 1519 850 1571 correctns
862 1515 890 1569 in
902 1517 913 1572 i
924 1514 1007 1569 Vini.
1019 1517 1055 1567 A.
1068 1518 1098 1568 et
1108 1516 1161 1571 de·

101 1586 232 1652 legerint
244 1584 374 1637 exhibens
387 1588 464 1638 Leii.
477 1589 511 1638 A.
524 1586 738 1649 caenomanici.

138 1654 168 1715 S.
181 1653 208 1707 4·
244 1658 288 1716 et]
310 1654 341 1707 et
354 1657 433 1727 quod
448 1657 544 1707 flamb.

138 1723 207 1786 cap.
220 1725 265 1775 31.
283 1723 310 1785 S.
323 1727 349 1777 1.
382 1725 469 1787 idem]
494 1727 579 1788 Bong.
597 1725 653 1775 AB.
667 1724 753 1776 Voss.
771 1724 805 1774 Α.
825 1723 903 1786 ligio.
921 1722 969 1774 Dr.
980 1724 1015 1773 A.
1027 1719 1110 1774 Vini.
1123 1724 1160 1774 Α.
1252 1787 1258 1795 ἱ

101 1790 186 1843 Vret.
208 1792 243 1842 A.
255 1793 326 1845 Ven.
347 1794 405 1844 ede.
419 1794 486 1845 Ber.¹
500 1795 566 1846 item
578 1794 657 1844 Goth.
676 1796 702 1845 A
716 1805 734 1843 a
746 1806 781 1842 m.
795 1806 836 1854 pr.
850 1793 946 1851 liamb.
959 1793 1042 1842 vind.
1057 1793 1106 1857 Ε.,
1128 1792 1159 1844 bn

100 1862 205 1983 guribus
222 1861 317 1913 deinde
334 1864 472 1930 princepe
492 1865 544 1915 est.
578 1862 688 1928 Reliqui
701 1863 766 1915 libri
777 1862 873 1926 scripti
885 1863 967 1927 etque
983 1860 1049 1912 editi
1060 1861 1159 1915 mem.

124 1931 147 1983 i.
159 1932 269 1996 Zumpt.
285 1931 313 1994 ς.
324 1935 388 1985 132.
1126 1976 1134 1987 .

121 2129 159 2168 cx
175 2127 278 2185 magna
297 2116 392 2184 copia]
417 2130 497 2182 qnam
517 2115 595 2168 bebi·
636 2113 774 2184 breviter,
798 2115 847 2165 sed
867 2114 956 2167 minus
972 2116 1089 2168 obscure
1106 2115 1158 2170 iilo

67 2186 127 2236 turi
144 2196 226 2238 erano
245 2187 331 2241 totius
351 2188 461 2239 Gellius
476 2188 595 2252 'imperio
636 2187 710 2237 diota
730 2192 808 2259 sunt?
834 2200 871 2237 ne
893 2188 957 2251 quie
977 2189 1156 2254 enuntiaret,

65 2255 159 2320 potiti.
635 2256 694 2306 nisi
708 2255 873 2322 quibuisetc.
906 2257 1070 2308 licentiori
1085 2257 1157 2308 enine

119 2325 147 2385 S·
162 2328 191 2378 3.
225 2323 306 2388 iique
319 2323 449 2377 caeseris
464 2326 593 2377 volunta·
636 2339 686 2375 seu
701 2325 838 2388 divulgari
853 2338 896 2390 ee,
913 2339 983 2388 quae
996 2326 1025 2376 in
1038 2327 1156 2378 coneilio

65 2399 96 2442 te
115 2395 227 2453 iacere]
252 2395 404 2446 verbosior
418 2395 505 2446 oratio
525 2408 593 2446 con·
635 2396 739 2458 agitate
752 2403 780 2444 ce
793 2396 903 2444 decreta
918 2397 1025 2460 forent,
1049 2396 1157 2448 omnino

65 2463 163 2513 ditioni
179 2457 332 2528 principum
353 2447 467 2515 isicium
482 2475 592 2515 eceom-
633 2465 777 2528 nolebant,
800 2476 887 2526 neque
901 2464 927 2514 id
941 2466 1025 2516 certis
1039 2465 1155 2516 leomini-

65 2534 178 2584 moneta
192 2534 245 2599 est,
262 2546 375 2598 quorum
389 2532 533 2596 plurimum
545 2546 591 2583 re-
634 2533 684 2582 bus
696 2533 850 2584 mandaturi
864 2541 958 2600 erant,
975 2542 1005 2583 nt
1017 2528 1156 2586 suentiu-

65 2603 196 2666 fercbet,
219 2608 252 2652 ut
272 2601 403 2656 caeseris
421 2604 592 2654 voluntatem
632 2603 718 2668 rent,
743 2603 793 2650 sed
806 2604 837 2651 nt
850 2604 884 2652 ad
900 2602 1048 2653 Caesarem
1062 2605 1155 2655 deier-

64 2670 121 2720 sibi
136 2671 326 2724 conciliarent.
361 2672 523 2724 Etintercst
537 2672 592 2722 ali·
632 2678 711 2736 rent,
740 2670 820 2719 cuius
846 2669 934 2732 ipsius
960 2672 1003 2722 rei
1030 2680 1155 2734 potestas

65 2741 147 2808 quio,
165 2742 256 2801 utmue
268 2740 428 2804 simpliciter
437 2741 591 2808 permittes,
632 2752 687 2791 non
699 2740 832 2806 omnibus,
851 2741 900 2789 scd
914 2740 959 2807 iis,
977 2740 1023 2803 qui
1036 2752 1156 2793 consen-

65 2821 104 2860 en
131 2811 276 2861 voluntate
307 2813 355 2862 tue
380 2811 440 2863 fieri
464 2810 590 2874 patiaris.
632 2823 666 2860 su
680 2809 797 2859 omnium
810 2809 917 2872 probati
931 2818 1041 2874 essene,
1066 2812 1155 2861 debe-

65 2880 128 2930 Hoc
151 2880 225 2930 enim
241 2890 348 2932 omnem
364 2881 446 2934 animi
461 2880 592 2932 offensio-
633 2887 686 2928 tur.
722 2879 799 2939 ouon
812 2878 838 2928 si
851 2879 932 2940 piene
944 2875 1156 2932 demonstratum

65 2960 129 2999 nem
159 2948 292 3001 remotam
314 2959 343 3002 et
370 2950 592 3013 approbationem
633 2946 722 3013 veiis,
746 2953 809 3010 pose
822 2947 992 3000 enuntiaret
1003 2949 1089 3000 addes
1102 2963 1156 3004 ne·

66 3019 137 3068 iacti
152 3019 325 3073 coniunctene
340 3022 430 3072 babet.
632 3031 668 3070 oe
681 3017 745 3083 quis
758 3018 797 3067 od
812 3031 980 3084 quemquem
993 3018 1124 3086 deferat.

117 3101 155 3138 ex
174 3089 308 3139 conmuni
329 3089 480 3149 consensu]
510 3086 591 3139 enine
683 3085 750 3149 ceu.
764 3088 807 3136 31.
830 3086 891 3148 SA·
926 3090 966 3140 Eo
980 3088 1095 3140 concilio
1110 3087 1154 3139 di-

66 3156 207 3208 eibcicndi
224 3169 312 3212 canes
324 3158 468 3211 concilium
480 3157 589 3210 babitu·
630 3154 729 3216 misso]
773 3155 818 3205 eui
849 3159 997 3210 secundnm
1027 3158 1155 3222 proxime

65 3227 90 3276 ri
103 3235 193 3277 erano.
631 3226 702 3276 diem
726 3225 933 3276 constituerunt.

118 3294 146 3356 S.
161 3293 191 3347 4.
224 3302 254 3346 ei
264 3292 589 3347 iureiurando-sanxo·
685 3295 732 3357 qui
746 3303 810 3344 anco
824 3295 934 3346 inerant
949 3292 1151 3365 edocesarenr,

64 3367 144 3425 runc]
169 3366 230 3415 iioc
248 3366 327 3431 loco,
349 3366 376 3417 si
396 3366 465 3417 nibil
480 3364 588 3431 excidio,
631 3366 817 3424 reverterunt]
848 3364 983 3428 Ambigua
1005 3373 1049 3416 eet
1071 3366 1152 3418 buius

63 3434 204 3485 brevitate
216 3435 447 3488 obsenrnsiactus
459 3437 504 3485 est
517 3434 589 3485 scri·
631 3432 687 3483 loci
699 3431 846 3502 distinctio,
865 3446 926 3486 curn
938 3435 1025 3487 verbu
1034 3435 1152 3487 advoc·

64 3505 136 3566 pter.
164 3505 235 3556 Nam
248 3505 315 3569 boc,
332 3506 403 3568 quod
416 3503 589 3556 iureiurando
630 3514 728 3554 eorem
756 3503 839 3554 ceiam
864 3517 926 3556 cum
956 3507 1150 3557 reverterunt

65 3572 195 3624 sanxisse
225 3573 267 3625 iili
297 3573 439 3642 dicuntur,
466 3587 503 3624 ne
527 3574 588 3635 quis
631 3570 757 3633 coniungi
770 3578 798 3621 ct
813 3574 848 3623 od
860 3574 984 3640 fuerent
1004 3587 1054 3639 ee,
1079 3574 1159 3638 quec'

64 3642 239 3708 enuntiaret,
266 3641 320 3693 nisi
339 3643 436 3707 quibus
455 3641 589 3693 communi
630 3642 666 3691 ed
688 3640 824 3704 integram
851 3643 1015 3694 sententiam
1041 3645 1149 3712 desunt,
1186 3696 1194 3702 ,

65 3711 182 3764 mosibo
208 3713 362 3764 nudatum
389 3715 480 3779 esset,
509 3711 587 3764 initio
630 3710 769 3762 subaudiri
788 3711 902 3774 possint.
942 3714 996 3763 Sed
1014 3713 1082 3764 baec
1100 3723 1151 3765 ra-

64 3781 154 3842 ipsius
173 3781 283 3832 concilii
300 3783 376 3833 iliius
397 3782 524 3833 sensim
540 3781 588 3830 vi-
630 3779 684 3847 tio,
707 3792 789 3843 quern
809 3780 939 3833 cletitius
959 3781 1035 3851 iniit,
1056 3782 1085 3832 ii
1103 3783 1149 3836 in·

64 3852 179 3917 mmor,
196 3849 242 3901 cni
254 3851 325 3901 diem
336 3852 511 3902 constituisse
527 3863 587 3903 nro-
629 3848 761 3900 commodi
788 3850 889 3917 hebet,
927 3852 998 3915 qnod
1026 3852 1148 3923 nescies,

64 3921 99 3971 bc
111 3919 182 3972 dicei
194 3922 267 3970 eunt.
292 3921 389 3983 ltaque
402 3923 465 3985 post
477 3923 508 3972 et
518 3933 588 3988 sup·
628 3926 720 3969 utrum
732 3920 811 3982 opud
825 3919 992 3986 Gaesarem,
1017 3922 1150 3985 quenad-

63 3990 193 4052 picninm
208 3989 293 4040 estin
306 4004 340 4042 eo
356 3991 478 4042 concilio
491 3991 539 4040 vel
552 4002 586 4040 eo
627 3989 734 4039 modurn
753 3988 899 4057 clerkius,
930 4003 967 4042 en
984 3990 1023 4042 od
1043 3990 1150 4045 Coera-

64 4057 162 4111 bubitc
183 4070 235 4111 sen
253 4058 354 4112 baberi
379 4063 489 4124 coepto.
524 4059 585 4117 (ci.
626 4070 692 4109 rem
710 4057 792 4110 micea·
799 4092 810 4127 ,
832 4071 871 4112 cu
888 4059 1047 4124 simpliciter
1059 4058 1150 4127 kauri

63 4129 126 4183 uun.
150 4127 213 4181 crit.
232 4129 269 4182 ab
285 4133 320 4199 2,
332 4132 379 4184 82.
395 4128 485 4194 Η.)
514 4129 586 4182 loen
627 4127 794 4194 suburbium
818 4137 847 4185 es
864 4142 936 4196 queo
955 4131 1069 4194 possunt
1087 4128 1149 4184 sine
1171 4180 1179 4193 ,
