2572 4688
879 178 881 187 ⁴
895 190 901 223 i

397 267 510 343 ela.
541 267 571 342 i.
613 264 734 340 CAP.
758 268 804 340 25
1000 251 1003 257 ⁵
1101 266 1148 340 8}

53 464 163 552 quoio
187 461 337 528 omnium
355 458 513 551 perienlo
531 480 626 550 spem
645 457 747 545 fugae
768 455 922 540 tolleret,
950 455 1147 528 nobertatns

54 550 324 657 suoeproelium
342 548 523 654 eornmisit.
586 546 719 614 Milites
736 547 850 700 aare
869 547 1045 635 superiore
1064 548 1145 656 pilis
1164 552 1188 616 2

53 637 296 813 bibistis
315 634 1050 831 iiiiii’liiiiii‘i.iiiia&
1063 635 1190 794 iii.

54 816 102 885 lie
127 834 250 900 magno
271 809 314 920 ad
334 832 481 918 pugnam
501 816 576 917 erat
594 810 839 900 inpedimento,
851 897 861 916 .
875 808 967 898 quod
988 813 1147 918 pluribus
1202 848 1206 852 ·

55 899 1152 1074 {sibilasibilaiiiiiiiiiiiiii..bilbilis

56 1075 218 1167 inpedita
236 1077 323 1143 setis
344 1073 518 1143 eommode
534 1094 685 1165 pugnare
704 1080 881 1164 poterant3
912 1075 1013 1141 multi
1032 1083 1072 1144 ut
1091 1075 1152 1145 diu

58 1167 192 1234 iactato
206 1164 344 1230 braebio
359 1168 599 1253 praeoptarent
613 1167 746 1229 sautum
761 1176 861 1230 manu
872 1161 1025 1230 omittere
1042 1171 1077 1233 et
1087 1187 1151 1233 nu·

55 1253 103 1322 do
117 1273 261 1343 corpore
276 1273 440 1341 pugnare.
502 1248 657 1318 Tandem
676 1250 872 1318 vulneribus
887 1248 1014 1318 defessi
1035 1259 1072 1320 et
1091 1275 1150 1346 pe-
1169 1264 1193 1331 4

56 1342 139 1410 dem
166 1340 298 1407 referre
311 1347 364 1422 et,
399 1335 490 1428 quod
513 1359 610 1405 mons
638 1339 779 1406 suberat
801 1338 937 1405 eireiter
956 1340 1051 1408 mille
1068 1362 1150 1430 pas-

58 1450 181 1512 suum,
201 1450 243 1496 eo
257 1449 296 1495 so
308 1423 461 1518 resipere
473 1433 669 1518 coeperunt.
732 1423 841 1518 (lapte
857 1431 1018 1495 muniret
1032 1450 1148 1499 suooe·
1169 1439 1193 1508 6

127 1585 197 1650 cap.
210 1581 256 1638 25.
274 1583 303 1646 9.
315 1588 341 1636 2.
375 1581 529 1643 destrictis]
560 1583 643 1648 Bong.
665 1586 700 1636 A.
714 1585 798 1637 Voss.
817 1585 851 1635 Α.
871 1582 950 1637 Leid.
966 1584 1002 1638 A.
1020 1586 1095 1641 liar.
1112 1591 1150 1642 A.

91 1659 176 1722 Egm.
191 1655 290 1706 neme.
307 1653 354 1713 (ln
364 1652 449 1706 Vrat.
457 1655 491 1703 A·
510 1665 544 1704 ee
556 1653 677 1705 disiecto
691 1680 727 1692 -
740 1656 878 1721 fecerunt
891 1655 1012 1717 desunt.)
1039 1656 1151 1724 Reliqui

10 1728 19 1755 ·’
92 1740 158 1778 eum
170 1726 231 1775 edd.
245 1731 308 1776 ente
321 1723 389 1773 oud.
403 1721 565 1790 districtis,
582 1725 651 1785 qarbu
665 1723 838 1774 Heindorlius
851 1725 887 1775 ad
899 1725 994 1775 Horat.
1007 1727 1065 1778 sae.
1076 1730 1105 1793 2,
1121 1729 1150 1796 1,

93 1794 132 1848 41
155 1801 263 1847 tueture
286 1791 467 1859 distmpere
483 1803 546 1840 esse
564 1792 614 1844 aad
631 1787 755 1847 eieeuoer
767 1789 870 1861 plebeae
895 1794 1081 1862 destringere
1097 1808 1152 1848 au-

95 1874 153 1916 tern
171 1857 316 1927 abbreifeu.
350 1862 454 1924 Bect03
476 1863 506 1910 et
524 1860 631 1910 codices
648 1864 676 1912 h.
693 1863 713 1911 l.
731 1869 759 1912 et
776 1863 865 1927 magis
882 1863 1008 1932 etiam7‚
1025 1866 1060 1917 12
1078 1865 1152 1918 extr.

93 1941 127 1984 et
142 1934 180 1998 8,·
196 1934 231 1982 23
249 1939 278 1983 et
294 1929 355 1981 (ile.
370 1930 401 1998 1,
417 1929 453 1981 ab
471 1930 500 1978 et
515 1925 552 1980 47
567 1936 596 1979 et
611 1928 648 1982 75
670 1944 729 1982 rem
744 1931 876 1985 incertam
892 1931 1007 1984 iaciunt.
1047 1932 1152 1987 lamen

94 2000 261 2065 destrictos
283 1999 391 2064 gladius
408 1998 589 2050 translatione
606 2010 624 2049 a
641 2001 759 2066 vagina,
785 2014 854 2066 quae
872 2000 979 2063 proprie
996 2001 1151 2068 destringe-

94 2076 194 2138 batur,
218 2072 254 2122 ad
270 2068 359 2133 ipsum
375 2069 495 2133 gladium
514 2067 591 2117 faeta
607 2066 660 2117 dici
678 2071 774 2132 potuit.
808 2072 844 2120 iit
859 2068 975 2121 Romani
990 2069 1092 2122 milites
1109 2071 1152 2123 si-

94 2142 187 2193 nislra
203 2140 310 2189 sautum
324 2139 448 2187 tenentes
462 2135 581 2201 gladium
596 2137 630 2187 ad
643 2138 767 2190 dextrum
778 2139 869 2189 lemur
881 2139 1028 2202 gestabant
1039 2142 1152 2195 dextra-
1220 2166 1223 2169 ·

93 2223 149 2276 que
164 2220 247 2261 manu
261 2207 428 2270 educebaut3
450 2204 496 2256 cui
512 2204 555 2256 rei
571 2204 766 2270 significandae
779 2208 961 2278 distringere
972 2208 1087 2265 verbum
1100 2210 1154 2264 mi·

92 2294 149 2333 nus
169 2286 263 2342 aptum
282 2281 354 2326 erat.

131 2347 160 2409 8.
173 2349 200 2397 8.
234 2346 340 2403 eorum]
363 2353 415 2394 om.
431 2339 515 2393 Vind.
532 2342 566 2391 A.
1181 2359 1196 2383 ο

130 2414 292 2480 eonligatie]
316 2414 400 2476 Bong.
417 2412 453 2462 a.
469 2410 553 2462 voss.
570 2411 604 2461 Α.
617 2407 701 2463 vind.
718 2411 754 2462 A.
771 2414 799 2463 et
814 2423 834 2466 a
849 2423 886 2467 m.
902 2423 946 2479 pr.
963 2412 1043 2469 doti.
1053 2416 1086 2471 li.
1099 2427 1155 2471 non

95 2487 298 2610 coildilexisset]
328 2546 496 2613 instanteset
512 2545 590 2599 Leid.
609 2547 641 2596 Β.
664 2543 811 2612 infixisset
827 2548 908 2601 vinu.
923 2552 959 2602 A·
976 2562 1048 2604 corr.
1076 2549 1155 2619 aaa·

96 2623 195 2678 uisset
212 2622 295 2684 long.
314 2618 371 2669 Ali.
389 2619 449 2668 Pet.
469 2618 528 2668 Pal.
546 2618 623 2688 iigm.
638 2614 712 2666 Gott.
729 2617 806 2668 Leid.
819 2618 877 2669 AG.
890 2621 981 2672 ¹Voss.
995 2621 1052 2673 AG.
1065 2620 1155 2674 Dore.

95 2695 148 2747 Dr.
172 2692 204 2742 B.
227 2697 257 2739 ee
278 2699 298 2738 a
319 2700 356 2738 m.
379 2700 422 2751 pr.
446 2689 481 2738 A.
505 2687 586 2737 Vrat.
608 2684 666 2739 AC.
689 2685 769 2738 Goth.
787 2687 817 2736 B.
835 2687 917 2739 Vini.
934 2690 966 2738 ll.
984 2688 1081 2740 Hamb.
1098 2689 1152 2744 Gn.

95 2765 181 2813 Bona
217 2759 252 2809 ld
268 2768 336 2808 vero
352 2768 405 2806 neo
421 2768 471 2818 per
486 2767 518 2805 se
534 2754 796 2821 probabilemque,
819 2768 880 2806 eum
897 2759 976 2808 scuta
988 2757 1042 2811 iam
1056 2765 1151 2811 trans-

96 2833 156 2882 ssxa
181 2829 345 2893 babeamus,
374 2832 469 2890 aptum
486 2830 538 2875 est.
574 2825 633 2874 Non
648 2825 737 2887 magis
753 2821 902 2890 destwissel
917 2827 1029 2888 probari
1044 2829 1152 2891 potesl3

96 2901 185 2952 infixa
206 2899 278 2948 enim
300 2898 358 2959 pila
379 2893 471 2957 quidni
492 2888 699 2945 evellerentur?
746 2895 841 2957 ltaque
865 2896 994 2963 vulgata,
1025 2897 1153 2959 quamvls

94 2980 250 3034 pausarum
265 2967 411 3032 librorum,
434 2964 478 3022 (in
494 2963 574 3013 Vrat.
591 2964 621 3013 Β.
638 2965 706 3013 haee
722 2964 813 3014 omnia
829 2962 891 3015 inde
903 2978 923 3014 e
934 2964 1059 3017 Caesare
1076 2978 1100 3016 e.
1116 2969 1152 3018 22
1188 2964 1191 2969 ’

96 3039 157 3100 §.a
173 3048 265 3101 usque
281 3037 317 3085 ad
330 3046 388 3099 pro
403 3033 483 3083 veile
496 3044 603 3083 corros
620 3045 644 3081 o.
657 3033 691 3081 26
709 3030 736 3091 S.
751 3034 769 3081 3
784 3033 852 3084 lolio
864 3033 968 3085 amisso
980 3035 1154 3099 exciderunt)

96 3109 234 3169 tenende,
255 3103 363 3154 inflexio
380 3105 471 3154 autem
488 3101 538 3152 illa
553 3101 730 3164 intelligenda
743 3109 803 3171 est,
824 3114 906 3168 quam
918 3104 1080 3159 Plutarchus
1091 3106 1153 3159 bla-
1241 3120 1248 3135 ’

96 3176 136 3229 rii
153 3173 280 3227 sollertia
295 3173 421 3227 effectam
436 3173 516 3222 docet
531 3173 601 3222 Mar.
618 3183 644 3221 o.
658 3169 701 3220 25.

133 3244 270 3308 inpedita]
294 3242 378 3302 Bong.
395 3242 430 3290 Α.
448 3241 533 3292 Voss.
549 3241 585 3290 A.
599 3251 655 3288 non
671 3238 739 3303 imp.

135 3312 163 3375 s.
174 3309 203 3363 4.
238 3310 326 3371 mille]
349 3310 435 3374 Boug.
449 3309 483 3359 A.
501 3309 549 3359 Dr.
566 3308 621 3359 AB.
634 3308 713 3360 Vrat.
725 3304 782 3360 AG.
796 3306 1154 3362 sennaaritidem.
1176 3366 1178 3371 ,

99 3382 201 3436 mmo.
222 3380 308 3430 bonu.
331 3392 394 3429 eum
412 3379 472 3428 edd.
490 3385 554 3429 aute
570 3379 672 3430 aldum
686 3390 765 3444 nep,
789 3378 835 3443 qui
856 3389 902 3432 ero
915 3378 1039 3433 seribere
1055 3379 1154 3446 eoepit.

100 3454 145 3505 M.
161 3451 261 3505 ouda
278 3457 308 3500 et
323 3447 383 3499 sine
399 3448 499 3511 puncto
510 3451 538 3499 2.

69 3588 102 3643 51
119 3595 191 3639 extr.
219 3587 339 3648 Legatos
350 3583 438 3635 fuisse
451 3582 592 3646 probabile
672 3582 713 3651 ,9.
727 3585 754 3633 8.
787 3581 864 3634 multi
881 3583 926 3644 nt]
948 3582 996 3647 ci.
1010 3585 1099 3636 adnot.
1117 3585 1155 3637 ad

68 3666 112 3709 est
124 3668 154 3711 ee
165 3656 289 3708 tribunos
301 3655 330 3704 et
344 3654 512 3719 praelautos,
530 3654 592 3705 ior·
634 3655 693 3702 ob
716 3651 742 3711 S.
759 3653 774 3702 1
799 3651 985 3706 et··cieeronis
1009 3655 1099 3706 losum
1117 3654 1154 3706 ad

68 3737 145 3780 tasse
170 3725 256 3777 etiam
276 3723 357 3787 illos,
387 3722 433 3786 qul
453 3722 591 3783 emioitiae
635 3736 659 3771 e.
673 3723 710 3772 20
727 3721 753 3782 S.
770 3722 915 3774 zeitetum
933 3729 961 3773 et
974 3720 1034 3773 civ.
1049 3726 1083 3787 3,
1102 3723 1155 3776 17:

68 3808 156 3848 causa
179 3796 372 3857 imperatorem
397 3793 591 3856 sequebantur.
633 3791 677 3841 sie
696 3790 762 3842 belii
782 3791 927 3843 rationem
940 3803 1004 3843 esee
1021 3791 1157 3859 divisum.

69 3866 221 3917 Petrercba
238 3863 310 3912 illst.
328 3858 361 3927 4,
385 3863 420 3912 31
446 3872 592 3925 perperam
634 3863 670 3911 ut
693 3860 737 3911 ilie·
763 3863 855 3912 elosae
872 3872 962 3913 neves
984 3862 1157 3927 uerbisque

70 3937 104 3987 de
122 3934 256 3998 equitatu
282 3929 425 3995 cogitavit.
465 3930 593 3982 &terum
634 3943 690 3980 eoo
713 3930 906 3998 impedirent,
936 3931 999 3994 ipse
1019 3932 1056 3984 ut
1077 3943 1157 3998 aqua

72 3998 320 4055 eomersuumium
327 3996 430 4051 catio
442 3996 513 4050 idem
524 4012 594 4063 pae-
635 4002 777 4067 ierroqae
792 4013 840 4051 eoe
854 3998 1031 4066 prohiberet.

72 4085 107 4123 ne
117 4073 224 4125 eisdem
235 4069 330 4125 verbis
341 4066 503 4123 decatlline
510 4080 595 4137 pree·
689 4066 717 4127 S.
737 4066 764 4119 4.
805 4081 882 4120 mons
909 4070 1021 4121 suberat
1044 4065 1158 4119 oirelter

74 4141 218 4197 lineum
487 4208 491 4213 ἰ
636 4135 713 4192 mille
728 4140 875 4206 passuum]
892 4137 962 4189 Cum
975 4136 1159 4191 messal·
1251 4164 1253 4168 ·

891 4203 953 4272 ⁴8
