2572 4688
135 172 150 207 0
249 194 252 209 t

143 265 214 345 aaa
402 234 478 333 o'n
501 261 685 343 nanno
715 260 966 353 ennuruo

139 453 197 521 ‚tis
210 457 442 536 enumerent,
463 451 596 541 equites
613 474 714 531 vero,
734 459 776 521 ut
789 452 1036 542 turpitudinem
1047 452 1150 539 ingre
1162 453 1228 522 rir-

148 548 225 611 tute
239 538 409 621 delerent,
437 540 592 608 omnibus
610 542 645 607 in
664 541 749 609 loeis
760 562 892 631 pugnae
905 563 944 607 se
956 541 1156 626 legionariis
1170 542 1231 608 nri-

106 635 131 700 2
149 628 270 697 litibus
284 630 506 718 praeferrent.
574 629 630 697 At
643 629 759 696 hostes
770 630 872 695 etiam
886 629 922 695 in
936 634 1086 695 extrema
1100 650 1164 718 spe
1176 650 1232 695 ea·

145 716 234 787 latis
248 724 376 783 tautam
388 715 547 782 virtutem
560 717 817 805 praestiterunt,
836 722 887 796 ut,
908 738 984 782 uum
997 715 1101 804 primi
1114 738 1233 783 eorum

147 802 363 886 oeoidissent,
380 804 525 892 proximi
536 804 725 871 inuentibus
736 804 934 871 insisterent
946 811 1049 890 atque
1061 826 1104 871 ex
1116 825 1235 874 eorum

148 877 1234 1068 talaialatrabilirtltl⁰lttti0⁶⁰ua⁶tult
1276 1001 1281 1006 -

611 1026 623 1062 2
911 1025 923 1061 2
1003 1060 1006 1067 .

181 1169 293 1238 quentia
308 1171 464 1235 incorrupta
479 1179 643 1242 servarunt,
663 1172 700 1225 nl
714 1173 831 1227 alteram
847 1182 916 1225 vero
931 1169 1096 1238 scripturam
1111 1174 1235 1232 (aemer-

180 1243 495 1309 rerunt-pupnaut)
518 1243 600 1306 plane
622 1242 778 1307 requiretur
794 1240 888 1307 aliquo
903 1242 1042 1307 particule
1057 1240 1187 1293 neuteuli
1204 1239 1234 1289 vl

181 1312 322 1379 praedita,
344 1310 575 1362 bae'neeeesitate
593 1310 655 1363 tum
669 1311 776 1363 illatum
792 1315 821 1363 et
835 1311 1134 1377 puriteruolleienuuru
1147 1308 1235 1360 videri

180 1383 281 1446 potest.
314 1382 442 1432 Attamen
458 1378 632 1444 sequentibus
651 1380 807 1447 etiamne,
828 1387 858 1432 ut
874 1380 985 1431 vineulo
1007 1392 1061 1431 nou
1083 1379 1234 1444 indigeant,

138 1476 141 1481 ·
182 1449 294 1513 seriptis
311 1456 368 1501 tarn
383 1449 452 1501 illud
469 1452 561 1511 aptum
577 1457 637 1518 ert,
667 1450 821 1513 alionquin
837 1448 894 1501 iam
910 1448 1066 1513 exspectari
1081 1444 1163 1511 idque
1179 1460 1235 1498 nou

181 1520 247 1570 leve
267 1518 365 1569 iubens
387 1524 416 1568 et
440 1518 532 1570 Gerru-
555 1516 627 1573 buna
646 1516 910 1587 petraepontem,
933 1520 965 1569 ut
981 1530 1066 1583 aegre
1082 1528 1116 1568 eo
1133 1527 1235 1569 earea-

182 1600 245 1641 ruus
260 1596 289 1639 et
304 1588 435 1640 omissum
451 1589 486 1640 ab
501 1587 563 1651 ipso
579 1588 714 1653 scriptore
730 1600 793 1639 esee
810 1587 932 1653 potuisse
947 1588 1129 1645 umneuentes
1144 1592 1236 1635 tannen

136 1682 140 1689 ·
180 1658 336 1722 protentum
359 1656 395 1707 eb
415 1666 449 1707 eu
471 1666 527 1710 uon
549 1657 655 1724 miuus,
685 1670 767 1727 quau
787 1655 817 1712 in
841 1655 974 1724 proximis
1000 1655 1235 1724 praeuenerent,

182 1728 297 1781 eredere
312 1726 449 1777 malimus.

181 1818 186 1828 ·
218 1797 407 1855 eormreut]
435 1792 509 1845 lieo.
526 1794 561 1848 A.
577 1792 662 1849 vinu.
680 1797 717 1847 A.
734 1796 777 1847 eil.
793 1796 885 1859 ttepn.
901 1793 979 1859 alpe.
995 1800 1024 1844 et
1040 1804 1100 1857 sqq.
1116 1798 1237 1843 'oecur-

136 1872 140 1879 '
183 1876 257 1918 rere
272 1862 352 1914 Goth.
369 1865 403 1914 A.
421 1863 504 1914 vluti·
522 1862 555 1914 0.
577 1866 777 1918 oeutrrerunt
798 1898 819 1933 ‚,
826 1865 903 1916 MSS.
919 1862 1041 1930 plerique
1048 1859 1069 1892 ‘⁸
1091 1861 1178 1925 Bong.
1200 1862 1236 1911 A.

183 1942 215 1987 et
237 1932 336 1995 reliqui
358 1931 413 1983 nei
435 1944 497 1984 enm
512 1933 573 1985 eiu.
591 1937 655 1986 ante
670 1935 764 1999 steph.
780 1939 810 1983 et
826 1933 875 1986 iir.
891 1932 918 1987 b.
935 1934 1018 1983 burt.
1032 1930 1064 1984 P·
1079 1930 1154 1979 Man.
1171 1928 1237 1979 Alo.

138 2020 142 2025 ·
183 2014 247 2065 uep.
271 2000 304 2052 lu
319 1999 451 2052 vitiosum
467 2012 531 2051 esee
548 2014 585 2053 ex
600 1994 822 2055 anteoedentibus
838 2000 1015 2067 intelligitur,
1043 1997 1144 2063 quibus
1163 1998 1237 2046 serl-

137 2086 142 2093 ·
185 2077 265 2136 pent,
288 2067 314 2120 ei
329 2069 396 2121 nibil
411 2069 546 2139 euplius,
568 2080 650 2134 quent
665 2084 748 2125 uuuru
764 2071 833 2123 illud
848 2071 883 2120 (le
899 2069 1085 2133 redintegrato
1101 2078 1121 2117 a
1136 2068 1237 2116 vnlne-

135 2156 142 2163 ·
183 2139 256 2192 retis
279 2138 382 2203 proelio
405 2140 525 2190 adventu
545 2138 662 2202 legieris
684 2140 806 2193 decimae
829 2139 957 2201 eileuturu
973 2139 1074 2188 dooere
1089 2134 1238 2202 voluisset,

185 2210 290 2260 tantm
311 2205 541 2270 exspectationem
556 2214 678 2258 moturus
694 2220 748 2261 nou
763 2209 871 2261 iusset.
904 2208 1033 2260 Erroreru
1049 2217 1098 2268 per
1115 2216 1148 2256 se
1162 2205 1238 2257 taei-

183 2277 240 2330 lun
255 2274 392 2330 adiuverit
407 2276 471 2328 tum
486 2287 577 2327 novae
593 2275 786 2328 enuntiationis
803 2276 925 2341 spetiem
943 2274 1074 2329 afferens.

186 2345 507 2477 tllit‘ltilbli:
520 2344 860 2489 tilleberia:
875 2338 1239 2465 {abalienabat

170 2486 278 2551 ,liquae
294 2484 354 2534 eud.
372 2489 436 2534 ante
453 2482 524 2535 oud.
550 2484 685 2550 pappant
701 2495 757 2548 quo
772 2482 872 2548 reliqui
888 2484 965 2536 colu.
982 2482 1053 2535 Oui.
1070 2483 1145 2541 (Pet.
1162 2483 1239 2533 Gott.

137 2570 144 2577 ·
183 2554 270 2606 Voss.
290 2555 326 2605 A.
347 2555 439 2618 agn.)
461 2552 544 2614 Βοῦς.
566 2555 601 2604 A.
622 2553 671 2603 Dr.
693 2549 825 2604 &Vtat-
848 2552 905 2603 AB.
928 2552 1010 2604 Goth,
1025 2554 1062 2604 A.
1078 2552 1162 2602 Bonn.
1183 2552 1241 2602 (iu.

136 2640 143 2647 ·
184 2624 267 2676 vind.
290 2621 344 2673 Bc.
368 2622 423 2673 ine.
448 2622 551 2673 Eorum
567 2627 692 2673 nentrum
707 2619 817 2684 probari
832 2622 930 2684 potest.
962 2621 1034 2684 Quid
1050 2621 1157 2685 equites
1173 2623 1241 2670 vel-

184 2694 258 2761 lent,
279 2689 374 2743 verbi·
397 2691 432 2741 ut
443 2714 479 2729 -·
490 2691 623 2742 delerent
646 2689 687 2740 ita
708 2691 950 2757 arripuerunt,
978 2689 1012 2741 'nt
1027 2691 1126 2742 iterum
1142 2690 1239 2741 deela-

183 2762 243 2815 reri
258 2774 311 2813 nee
330 2759 454 2811 debuerit
469 2772 522 2811 neo
538 2759 632 2810 verbis
648 2770 704 2824 quo
720 2771 753 2810 ee
766 2760 1009 2827 -praeferrent
1023 2759 1150 2824 potuerit
1184 2761 1239 2810 Al-

184 2835 273 2883 terum
290 2841 359 2880 vero
379 2827 459 2891 idque
475 2827 580 2879 firmine
594 2840 613 2879 a
628 2825 769 2879 codicibus
787 2828 868 2878 etiam
884 2837 992 2891 ternpus
1007 2829 1128 2895 ineptum
1147 2830 1238 2881 habet.

187 2902 289 2952 contra
310 2909 424 2964 puppas
443 2897 613 2961 aptissimum
629 2905 688 2964 eet,
710 2903 739 2946 et
756 2908 856 2950 omnen
872 2899 929 2948 loci
943 2911 1058 2965 poplene
1072 2898 1239 2959 simpliciter

184 2971 378 3033 eleganterque
399 2965 525 3017 dicuutur
547 2977 657 3033 omnes,
685 2963 831 3030 inquibus
853 2969 1041 3033 pugnabatur,
1062 2973 1093 3018 ut
1110 2980 1195 3028 supra
1212 2980 1240 3019 e.

188 3043 224 3090 23
243 3036 270 3096 S.
286 3036 302 3089 b
318 3037 583 3096 castrorumlocus
599 3033 640 3099 is,
662 3033 692 3086 in
708 3046 762 3098 qno
779 3043 873 3086 eastra
888 3033 976 3089 eraut.
1009 3037 1069 3087 lion
1080 3036 1164 3100 igitur
1176 3039 1241 3088 slve

187 3120 224 3157 ex
239 3104 496 3157 commentariorum
512 3101 661 3167 exemplari
677 3103 827 3156 vetustiore
845 3105 948 3155 nostris
964 3107 994 3156 et
1005 3105 1178 3173 incorrupto,
1197 3107 1241 3157 si·

188 3186 225 3224 ve
248 3188 283 3226 ex
307 3173 544 3239 ephemeridibus,
565 3173 650 3238 quoi,
674 3172 700 3223 si
715 3173 805 3236 opinio
821 3184 871 3223 noe
888 3186 943 3224 nou
958 3174 1047 3244 fallit,
1070 3176 1239 3238 probabilius

186 3251 247 3310 est,
269 3244 298 3293 iu
311 3242 375 3294 illos
392 3242 502 3293 codices
516 3241 669 3295 denvaturn
684 3255 747 3299 aaut
764 3242 834 3297 Outi-
850 3255 948 3300 veroin
963 3251 1039 3311 pulo.
1073 3243 1240 3300 coniectura

186 3313 296 3380 quidem
309 3312 449 3368 inventum
464 3322 519 3370 uon
534 3311 651 3368 videtur.

208 3499 310 3563 sentis]
336 3499 427 3553 Caene
443 3514 498 3557 uon
514 3502 606 3556 miuus
622 3504 674 3554 ‹lu-
715 3502 787 3567 quod
799 3500 901 3554 virtute
910 3512 1015 3568 quoque
1023 3497 1148 3555 omnibus
1155 3514 1240 3568 prae-

152 3568 234 3637 bins,
265 3583 345 3634 quam
363 3572 425 3625 ait.
445 3571 482 3626 84
510 3573 540 3627 in
560 3573 674 3642 elepbae
716 3571 785 3625 terri
799 3572 967 3635 cupiebant..
984 3574 1065 3624 liano
1082 3580 1172 3624 tannen
1189 3587 1240 3627 eu-

152 3640 373 3711 penut'uaiuoe.
717 3643 858 3707 piditatem
882 3648 910 3692 et
935 3640 1089 3693 excellendi
1111 3650 1240 3695 oonaturu

83 3771 87 3779 Ι
142 3768 148 3773 .
211 3722 242 3760 se
266 3709 427 3773 legionariis
445 3708 576 3762 militibus
594 3722 677 3775 pree·
720 3725 776 3764 uon
789 3713 875 3765 verba
888 3708 1058 3778 significant,
1083 3712 1133 3761 sed
1152 3724 1189 3761 ex
1209 3725 1241 3763 re

155 3778 276 3838 terrent]
297 3789 361 3831 ante
380 3779 547 3844 legionarios
561 3794 679 3845 pugnam
721 3782 818 3833 verbis
836 3779 993 3845 significata
1007 3778 1138 3844 colligere
1157 3781 1243 3831 debe-

155 3856 333 3911 oapesserent
350 3860 449 3913 eosque
468 3855 530 3914 post
546 3864 577 3901 ee
591 3851 678 3903 relin-
720 3863 791 3904 nnus.
829 3850 992 3901 Germaniae
1009 3847 1112 3903 dixeris
1131 3846 1182 3906 beli
1199 3845 1243 3908 ἵει

157 3919 287 3984 querere,
308 3928 363 3968 uon
381 3920 502 3987 virtute,
526 3922 577 3971 seu
599 3922 678 3984 looo;
720 3916 817 3989 qioueu
830 3915 990 3975 unretuiieu.

138 3998 319 4050 ,quamquam
329 3990 379 4037 boo
392 3987 489 4056 ipsum,
506 3992 576 4054 quod
587 3991 677 4043 lotum
772 3991 799 4050 s.
810 3993 836 4041 2.
865 3997 896 4038 ut
910 4002 946 4039 ex
958 3988 1075 4048 tumulo]
1096 3983 1150 4038 Ilio
1162 3987 1244 4039 loeus

145 4052 212 4133 ⁸eibi
224 4056 337 4118 primurn
350 4070 456 4121 pugnae
470 4061 606 4127 petebant,
623 4073 678 4111 non
720 4060 799 4110 uocet
811 4060 954 4110 tumulum
965 4057 1073 4120 proprie
1088 4060 1244 4109 naturalem

131 4122 242 4199 'galiam
268 4125 304 4178 ob
328 4133 440 4180 eausam
469 4128 567 4197 tiebat,
597 4140 677 4197 quoru
719 4125 1244 4200 ulei,eto,17eruoruualinrum-
