2572 4688
423 254 528 331 ΗΒ.
554 253 607 330 Π.
648 253 770 331 GAP.
796 259 821 328 4
1089 256 1158 335 12o

73 447 237 517 Galbam:
265 443 308 514 arl
320 445 407 514 hune
421 450 561 536 propter
575 444 740 512 iustitiam
760 443 1039 536 prudentiamque
1058 468 1154 519 sunm

71 537 182 604 totius
204 532 288 600 belli
308 555 470 601 summam
489 533 636 599 omnium
657 536 828 601 voluntate
849 532 993 617 delerri3
1029 537 1165 626 opqiidn'

27 606 43 619 ’
71 623 198 691 habers
213 644 352 688 numero
366 643 447 702 xm,
473 620 627 725 polliceri
642 620 736 686 milia
752 628 881 689 armata
894 623 1168 719 quinquagirrta3⁸

71 710 216 779 totidem
236 708 403 790 Nervios,
430 729 490 795 qur
511 708 653 774 maxime
673 708 739 774 ieri
754 707 843 775 inter
861 710 957 799 ipsos
970 712 1197 805 iuuentute
1258 796 1261 802 .

71 795 337 884 longissimeque
351 795 482 876 absint3
534 794 722 883 quindecim
742 797 835 862 milia
847 797 1046 883 Atrebates,
1066 801 1153 870 Am·
1174 816 1198 878 9

71 885 193 952 hianos
205 905 242 954 x.
257 884 368 964 milia,
387 881 538 951 Morinos
551 902 635 956 xxv.
650 882 761 960 milia,
781 882 956 973 Menapios
972 907 1031 956 ru.
1046 887 1154 978 milia,

72 971 214 1042 Caletos
235 992 272 1040 x.
294 971 408 1055 milia,
434 968 639 1038 Veloeasses
663 976 701 1036 et
720 968 977 1049 veromanduos
1000 976 1157 1061 totidem,

142 1128 170 1190 s.
189 1131 218 1184 7.
250 1127 472 1194 prudentiamque
485 1140 562 1180 suam
572 1127 657 1180 totins
670 1124 736 1180 belii
750 1131 894 1192 summam]
913 1135 1156 1204 prudentiamque

104 1209 246 1250 summam
269 1198 361 1250 tetius
383 1195 450 1249 noui
473 1197 535 1247 siu
557 1199 610 1248 etc.
633 1210 694 1247 exe.
715 1198 795 1249 Turn.
818 1213 905 1264 usqne
925 1203 961 1253 ad
978 1203 1046 1256 ilud.
1063 1209 1109 1270 qui
1127 1216 1159 1260 et

106 1268 185 1336 ipse,
208 1279 270 1318 eum
286 1268 314 1318 in
333 1269 376 1319 eti.
391 1267 406 1316 1
423 1266 773 1332 prudentiamquetotiur
788 1266 852 1320 beili
867 1282 1007 1323 summam
1024 1274 1157 1338 scripsis-

106 1346 168 1405 set,
193 1335 224 1387 iu
242 1338 317 1387 ei.2
351 1331 477 1387 Aldinam
499 1337 664 1398 scripturam
687 1338 852 1401 eandemque
877 1339 959 1389 vind.
977 1343 1011 1392 A.
1035 1352 1064 1394 et
1080 1345 1155 1398 ilar.

41 1462 44 1469 ¹
106 1410 144 1461 Α.
167 1406 371 1470 (praeterquam
396 1406 466 1466 quod
489 1401 532 1454 irie
555 1418 667 1456 summa
687 1417 738 1467 pro
755 1419 895 1456 squamam
911 1409 1005 1469 iuuet)
1026 1416 1156 1468 restituit.

107 1479 136 1528 A
160 1474 238 1525 nobis
262 1475 409 1525 exhibitam
431 1472 540 1523 codices
564 1487 626 1524 oum
646 1474 707 1527 eud.
731 1481 794 1525 ante
813 1476 910 1526 Aluum
928 1485 957 1527 et
973 1480 1051 1533 Tum.
1068 1497 1157 1546 paene

107 1554 203 1597 omnes
219 1546 345 1594 mentor:
369 1548 473 1594 tautum
490 1542 545 1592 tris
560 1546 698 1604 postrema
715 1541 743 1592 iu
759 1543 841 1594 viuri.
859 1543 890 1594 G.
906 1546 1022 1616 omissa,
1047 1550 1076 1601 iu
1094 1556 1154 1605 eod.

105 1613 272 1666 Hotomuuni
295 1616 325 1662 et
349 1611 399 1663 Cu.
423 1623 456 1661 eo
480 1610 587 1670 ordine,
617 1622 669 1675 quo
692 1610 721 1661 iu
744 1612 804 1661 nin.
829 1611 964 1676 posita'et
980 1617 1008 1669 in
1024 1618 1107 1673 vini.
1124 1623 1154 1675 B.

106 1682 307 1747 encliticoque
323 1682 359 1732 ad
375 1692 514 1731 summam
531 1680 620 1730 addito
637 1686 720 1731 ancta
738 1683 809 1730 sunt.
843 1695 942 1748 summ,
964 1684 1059 1749 inquo
1073 1691 1159 1755 etiam

106 1752 136 1802 ni
159 1763 221 1801 eum
245 1750 358 1812 reliquis
380 1748 568 1815 consentiunt,
599 1750 645 1798 rei
668 1747 753 1799 omitti
770 1751 816 1800 vei
833 1762 882 1811 pro
898 1761 931 1801 eo
947 1754 1008 1805 sius
1027 1759 1091 1818 poni
1105 1773 1165 1823 po.-

107 1820 196 1871 tnisse
213 1819 399 1885 concedimus,
420 1819 549 1869 debuisse
564 1829 707 1882 negamus.
739 1818 869 1881 Proprius
885 1821 959 1884 regis
977 1824 1082 1878 Galim
1095 1829 1157 1883 vir-

108 1897 182 1940 tutes
214 1887 416 1952 significaturus
441 1898 495 1937 non
516 1885 605 1937 minus
628 1889 719 1951 reete,
749 1899 810 1939 enm
837 1885 1008 1954 ambiguitas·
1021 1895 1158 1951 exsistere

106 1959 186 2009 nuile
207 1964 317 2021 posset,
342 1959 378 2007 ad
397 1957 467 2006 inune
484 1962 595 2018 prepter
607 1953 740 2007 iustitiam
754 1956 974 2022 prudentiamque
989 1966 1158 2021 eunm'beili

106 2038 240 2078 summam
256 2025 356 2076 deterri
372 2023 455 2090 dixit,
477 2036 555 2088 quam
570 2024 644 2077 inira
659 2038 684 2075 e.
697 2027 734 2076 80
750 2025 899 2078 hominibus
912 2028 1003 2082 Gallis
1016 2045 1083 2097 prae
1094 2047 1155 2091 ma.

107 2095 247 2161 gnitudine
264 2106 406 2157 corporum
421 2105 541 2145 suorum
560 2093 722 2146 brevitatem
736 2093 884 2148 Romanam
902 2102 1065 2163 contemptui
1080 2116 1155 2175 esso,

108 2167 139 2215 et
155 2163 217 2215 civ.
229 2167 261 2228 1,
278 2162 294 2215 5
317 2161 431 2215 tribunis
448 2163 534 2226 piebis
551 2162 599 2214 rui
618 2162 732 2227 periculi
749 2165 912 2225 deprecandi
929 2169 1089 2225 latinitatem
1100 2186 1155 2227 uou

107 2233 207 2301 tribui,
232 2240 260 2283 et
283 2230 356 2298 aiio,
378 2243 447 2294 quae
470 2244 524 2282 uns
546 2245 608 2285 cum
624 2232 740 2285 eliorum
757 2235 918 2297 scriptorum
934 2236 1004 2292 lucis
1019 2241 1155 2302 sinuum

106 2301 231 2354 exhihuit
246 2300 458 2353 Ramsiornius
474 2300 594 2352 Gremm.
611 2316 638 2363 p.
651 2301 716 2355 5⁴0.

142 2370 169 2431 S.
183 2374 211 2421 9.
252 2371 394 2433 Menapios
413 2383 470 2420 vn.
490 2369 580 2430 milia]
603 2370 670 2420 inis
686 2384 706 2423 a
720 2371 831 2438 Lipsio,
856 2373 902 2438 qui
922 2373 1049 2431 orosium
1070 2394 1154 2435 seon·

108 2446 153 2490 tus
175 2440 286 2491 videtur
304 2442 357 2488 io
375 2450 399 2487 e.
412 2440 448 2503 7,
471 2451 514 2489 rx.
535 2437 670 2500 menapiis
690 2441 766 2492 milia
790 2443 925 2507 tribuunt,
955 2445 1002 2508 qui
1025 2459 1155 2506 uumerus

107 2511 211 2568 (vnn)
233 2509 263 2561 iu
282 2509 364 2558 vini.
383 2507 419 2557 A.
432 2509 530 2557 exstat
546 2506 595 2556 Gn.
607 2509 637 2558 et
649 2508 719 2558 iiav.
733 2511 767 2559 A.
780 2523 858 2576 vnn,
880 2511 979 2575 reliqui
993 2517 1048 2567 mei
1060 2530 1156 2571 omnes

108 2590 169 2628 exc.
182 2579 231 2627 Dr.
244 2578 274 2625 B.
288 2578 318 2627 et
329 2576 440 2640 Remo,
457 2573 486 2625 in
500 2575 595 2637 quibus
609 2579 677 2627 haee
696 2579 781 2629 verba
799 2591 861 2630 cum
880 2581 943 2632 aliis
963 2588 1101 2637 nonnuliis
1120 2591 1155 2644 on

101 2638 320 2698 homoeoteleuta
336 2643 509 2707 exciderunt,
536 2658 582 2694 vn
605 2645 727 2707 (septem
741 2647 820 2697 vrat.
832 2647 890 2699 AG.
906 2650 987 2701 Goth.
1001 2653 1059 2704 AB.
1071 2656 1155 2711 Vinii.

106 2718 141 2765 1).
161 2716 239 2766 stom
259 2719 301 2774 a.)
324 2715 438 2776 nabent,
460 2710 524 2762 item
543 2713 611 2763 ond.
636 2714 819 2782 ,‚1oierique“,
843 2718 1035 2787 cod-Brsutii,
1058 2724 1153 2800 ⁰⁰²³&

105 2786 193 2837 vase.
206 2793 234 2836 et
246 2795 338 2836 omnes
350 2791 414 2834 onte
427 2779 504 2845 Lips.
518 2780 599 2848 editi,
615 2780 687 2834 Petr.
702 2782 773 2837 nise
785 2785 820 2848 6,
836 2784 853 2838 5
870 2793 899 2837 et
911 2789 1046 2854 nietapnr.
1093 2807 1095 2811 ’

73 2936 205 2990 extremis
218 2935 517 2989 Nerviorumaiiemis
530 2934 592 2987 tini-
646 2986 649 2993 ,
687 2934 713 2996 s.
734 2939 761 2987 9.
798 2936 933 3002 Morinos]
964 2941 1034 2993 unde
1053 2957 1153 2999 meus.

71 3011 125 3060 hus
137 3002 298 3070 accipientia
307 3014 378 3071 sunt,
391 3019 458 3067 quos
473 3006 518 3055 iiio
531 3006 592 3068 qui·
634 3003 731 3074 dumi,
744 3009 777 3059 21
790 3006 968 3064 brevissimus
980 3015 1041 3062 erat
1052 3014 1155 3071 inm-1.

72 3078 134 3128 ‹iem
147 3084 283 3140 tempore,
301 3075 415 3138 integris
429 3074 592 3125 Nerviorum
633 3076 754 3126 tenuium
787 3077 927 3129 traiectus.
979 3082 1154 3142 syliabarum

71 3147 174 3211 rebus,
197 3147 233 3195 ad
245 3146 382 3196 Oceanum
400 3155 487 3207 usque
505 3143 591 3205 perti·
633 3147 739 3195 modum
758 3146 876 3198 ostenuit
893 3147 1028 3211 Virgilius
1041 3154 1153 3225 nemag

72 3215 169 3265 unisse
194 3212 391 3265 aesntariorum
414 3212 488 3263 inire
510 3225 536 3262 e.
555 3212 591 3262 28
632 3215 701 3268 727:
719 3214 912 3281 Extremique
929 3215 1074 3275 honarum
1085 3224 1153 3279 Mn·

73 3285 152 3334 iaetu
175 3282 393 3333 commemoratio
416 3281 504 3331 docet.
550 3281 593 3331 De
633 3282 697 3333 rint·
708 3283 882 3350 Rhenusque
897 3286 1033 3342 bicornis,

72 3350 225 3418 Menapiis,
254 3363 322 3415 qnos
345 3350 467 3402 nonnulli
487 3348 593 3413 longius

73 3422 182 3472 afuisse
199 3423 310 3487 putam,
333 3417 505 3470 incesseris
519 3431 594 3468 com·
686 3421 855 3474 velocasses
881 3424 912 3474 ei
932 3423 1153 3495 veremundum]

73 3488 218 3541 mensariis
229 3490 295 3540 ninii
308 3496 360 3555 est,
377 3489 448 3551 quod
460 3501 520 3540 enm
533 3488 593 3551 opi·
636 3498 689 3538 non
710 3490 847 3559 singulos,
871 3493 919 3543 seii
935 3501 1066 3560 utrosque
1084 3511 1152 3551 con.

73 3558 182 3608 nionem
202 3558 343 3609 confirmet
363 3558 391 3607 et
406 3558 508 3608 Remos
527 3560 553 3608 in.
572 3558 594 3609 1.
635 3554 749 3608 innotos.
783 3561 859 3620 Quoi
878 3563 914 3612 ad
930 3564 1162 3632 ordinarium„

73 3629 163 3678 fuisos
173 3640 236 3677 esse
249 3635 356 3691 arguat.
373 3628 400 3692 3,
413 3627 449 3679 28
461 3639 520 3678 cnm
533 3628 594 3676 iiio-
634 3627 721 3677 iorum
754 3629 870 3679 omnium
904 3632 1035 3699 pertinet,
1072 3648 1153 3701 quen

72 3696 144 3747 riuis
167 3698 268 3747 bellum
295 3697 428 3746 adversus
448 3693 595 3746 Gaesarem
636 3695 751 3746 orosius
773 3699 841 3765 6,7
870 3699 952 3761 pinne
969 3704 1082 3754 eundem
1099 3712 1151 3758 οι.
1194 3751 1203 3769 ‚

72 3766 208 3818 silvorum
219 3766 381 3827 etpaiueum
392 3763 593 3816 beneficiosus-
635 3764 722 3830 hibet,
751 3778 811 3816 enm
828 3778 915 3830 neque
934 3771 969 3819 eti
987 3774 1152 3835 magnitudi-

74 3833 209 3900 tinuisse,
224 3830 260 3899 4,
277 3832 296 3884 4
319 3834 354 3884 sd
367 3834 507 3895 utrumqne
528 3845 593 3895 pur·
634 3845 696 3882 nem
715 3835 851 3895 copiarum
868 3849 953 3899 neque
967 3840 1003 3890 ad
1016 3848 1153 3897 terrerum

73 3912 130 3954 tem
142 3901 231 3953 libeni
242 3901 380 3954 interioris
392 3901 548 3969 habitasse,
564 3905 592 3968 6,
637 3903 717 3952 situm
745 3903 885 3954 institutus
914 3907 1055 3972 videatur,
1085 3913 1153 3964 ninii

72 3970 91 4022 5
108 3971 250 4034 propinqui
263 3972 416 4020 Eburonum
427 3970 539 4035 tinibus,
554 3969 591 4020 iio.
635 3969 809 4039 relinquitur,
840 3973 895 4024 nisi
916 3982 948 4026 ut
965 3977 1075 4030 virtutis
1094 3983 1154 4047 opi-

73 4040 93 4089 9
116 4037 223 4093 finitimi
242 4040 417 4096 moruorum
436 4039 525 4093 tuisse
548 4038 592 4092 ui·
635 4039 743 4091 utonem
763 4044 871 4095 secutos
890 4054 954 4094 esse
974 4046 1074 4100 iiemos
1093 4054 1156 4102 ste-

74 4116 182 4163 emur.
632 4112 751 4159 tuumne.
1146 4128 1151 4139 ·
