2572 4688
77 194 81 202 ⁸
150 250 196 322 aa
412 246 486 319 nn
514 247 696 320 cento
725 246 979 323 anttrco

150 441 202 506 ita
220 458 295 505 eum
321 434 468 507 caesare
487 432 578 527 egit:
606 435 646 507 Si
665 461 783 529 paoem
805 441 952 528 populos
973 438 1148 508 Romanus
1163 454 1236 511 cuin

150 526 320 594 Helvetiis
340 527 485 608 iaceret,
516 531 551 593 in
564 549 637 592 eam
653 536 784 614 partem
799 532 910 595 ituros
923 535 1024 615 atque
1039 528 1089 594 ibi
1104 529 1239 599 loturos

150 613 345 695 Helvetios,
368 613 428 679 ubi
440 636 499 681 eos
514 615 642 683 Caesar
658 616 893 682 constituisset
907 624 1007 702 atque
1021 637 1099 682 csse
1112 619 1240 684 voluis·

151 707 227 768 set:
260 702 313 767 sin
333 701 426 767 bello
445 703 606 789 persequi
627 710 879 788 perseveraret,
908 703 1185 770 reminisceretur
1205 711 1241 773 et

149 787 275 854 veteris
303 789 505 857 incommodi
533 790 652 876 populi
678 788 824 856 Romani
845 799 881 855 et
903 791 1069 878 pristinas
1097 792 1240 861 virtutis

106 883 128 949 4
148 874 396 946 Helvetiorum.
469 874 571 963 Quod
586 877 758 965 inproviso
772 899 872 943 unum
889 898 1011 964 pagum
1026 876 1170 947 adortus
1178 902 1276 969 2⁸3—-

147 971 222 1046 σαι,
242 985 319 1030 cum
340 962 393 1043 bl,
414 962 473 1049 qui
492 962 614 1028 flumen
633 966 855 1046 transissent,
878 965 950 1030 suis
968 965 1130 1032 auxilium
1148 968 1240 1034 icrre

59 1123 81 1141 ρ
145 1073 214 1121 non
233 1056 391 1140 possent,
417 1070 459 1115 ne
475 1049 519 1117 ob
540 1071 614 1118 eam
634 1072 705 1118 rem
728 1059 787 1119 aut
799 1073 882 1120 suae
897 1072 1101 1143 magnopere
1116 1054 1247 1125 virtuti

215 1241 243 1304 s.
255 1243 284 1295 3.
317 1239 388 1306 egit]
410 1237 474 1310 opit
494 1241 562 1306 Reg-
583 1241 653 1292 nov.
673 1240 760 1297 Deru.
776 1241 863 1292 codex
881 1241 1001 1307 Brundi,
1017 1244 1100 1297 Vrat.
1112 1243 1145 1296 c.
1157 1244 1239 1297 Gotb.

180 1313 212 1364 ll.
231 1310 327 1362 llamb.
346 1312 429 1360 Boon
450 1315 479 1359 ct
490 1311 550 1360 edd
566 1319 630 1361 ante
642 1310 756 1375 Alium,
775 1311 845 1372 quob
857 1322 876 1362 a
887 1309 1016 1379 clarinto,
1038 1315 1073 1364 ob
1086 1315 1238 1377 proximum

181 1380 304 1433 rmttcnt
328 1381 481 1440 praelatum
509 1373 595 1428 tenuit
624 1378 692 1431 oud
727 1379 780 1430 eea
801 1380 1022 1442 aequabilitatem
1040 1381 1133 1453 illam,
1156 1397 1238 1447 quarn

179 1449 310 1503 Glatklus
328 1447 498 1513 requirebat,
522 1447 629 1513 caesar
648 1461 731 1511 saepe
750 1446 882 1514 violavit,
906 1457 934 1498 et
945 1450 1022 1500 initio
1039 1465 1065 1501 c.
1080 1449 1116 1503 14
1132 1452 1237 1517 legitur

177 1517 347 1585 respondit,
366 1527 421 1568 non
433 1516 599 1582 respondet.
629 1515 755 1567 ceterum
768 1525 916 1568 memoratu
930 1518 1039 1582 dignum
1052 1528 1095 1572 cet
1108 1520 1138 1571 in
1152 1523 1235 1587 Bong.

178 1591 215 1640 A.
234 1589 294 1639 Pet.
313 1588 385 1638 ιον.
407 1585 481 1637 Gotc.
500 1585 615 1649 allisque
633 1585 717 1651 ond,
740 1586 805 1637 item
819 1585 848 1636 in
864 1588 923 1638 cod.
936 1589 1029 1639 lirant
1044 1590 1094 1642 Dr.
1106 1591 1142 1639 A.
1154 1592 1235 1643 Vrnt.

178 1659 235 1709 Ali.
248 1654 331 1708 Vini.
353 1657 405 1704 ΒΕ.
425 1656 479 1705 (iu.
501 1656 596 1705 llamb.
616 1655 700 1717 noun.
718 1663 747 1706 et
760 1656 818 1706 loc.
838 1664 899 1717 post
912 1657 962 1708 boc
976 1659 1090 1708 verbani
1104 1660 1173 1710 baec
1185 1663 1236 1712 ad-

179 1729 237 1778 dila
254 1739 332 1776 csse:
359 1725 448 1791 lepati
465 1725 498 1775 ab
519 1726 660 1775 lleloettts
677 1725 887 1777 advectorem
906 1725 989 1776 nausa·
1006 1739 1108 1792 pacem
1126 1730 1234 1792 petunt
1266 1780 1273 1796 .

178 1810 244 1850 cum
264 1796 482 1846 denuntiatione
500 1795 646 1845 terroris.-
668 1807 737 1858 quae
757 1808 819 1845 cum
832 1793 946 1856 primunr
961 1795 987 1845 iu
1002 1795 1125 1858 margine
1145 1798 1236 1860 posita

178 1872 274 1919 essent
288 1867 323 1916 ad
337 1872 522 1927 argumentum
535 1876 642 1929 eorum,
660 1877 730 1926 quae
742 1872 906 1927 sequuntur,
924 1863 1112 1932 indicandum,
1137 1867 1235 1918 deinde

179 1937 216 1989 ab
236 1933 368 1995 inperitis
387 1933 507 1988 librariis
531 1933 604 1982 inter
623 1933 765 1994 scriptoris
784 1934 871 1982 acrba
887 1933 977 1985 relata
997 1942 1076 1999 sunt,
1100 1946 1156 1987 non
1174 1936 1235 1987 sino

179 2003 315 2056 varietate
329 2003 459 2069 quadam,
476 2013 555 2064 quam
569 2013 714 2052 recensere
729 2001 796 2051 nibil
811 2001 916 2051 attinet.

214 2072 278 2131 eos]
302 2071 361 2122 om.
380 2069 458 2122 carr.
470 2071 523 2120 ox.
536 2078 565 2119 et
579 2069 658 2131 pauci
672 2069 838 2121 recentiores
848 2071 917 2120 oud.
929 2069 994 2121 itant
1005 2070 1086 2123 Vini.
1100 2071 1133 2122 ll.
1146 2073 1234 2124 Vasc.

177 2141 255 2204 Ilipa.
274 2146 303 2187 et
323 2151 396 2203 seqq.
416 2151 503 2203 usquo
524 2139 559 2189 ed
580 2138 664 2203 ond,
686 2138 731 2203 qui
743 2138 981 2190 meritorcstituit.
1009 2139 1053 2191 ct.
1065 2141 1158 2191 adnot.
1172 2141 1233 2194 crit.

178 2212 215 2264 ed
228 2223 252 2258 c.
267 2209 300 2257 12
334 2212 360 2259 3.

211 2277 239 2339 s.
252 2273 279 2327 ι.
307 2240 466 2340 inproviso]
488 2274 571 2338 nong.
584 2273 641 2324 an.
654 2274 740 2327 voss.
754 2275 788 2325 n.
805 2276 882 2340 ugo.
896 2272 978 2338 vua.
991 2275 1026 2335 n.
1041 2276 1121 2330 ecco.
1133 2277 1166 2328 n.
1178 2291 1235 2332 non

175 2347 218 2402 tm
238 2358 265 2398 r.

211 2361 254 2475 bpi]
268 2415 317 2464 Dr.
324 2414 380 2462 All.
394 2412 476 2464 Vini.
489 2411 591 2464 BCDF.
600 2413 774 2480 lienibvcn.
788 2414 860 2463 edel.
876 2411 1066 2465 terminer.
1077 2415 1122 2466 eb.
1136 2416 1231 2478 stepb.

66 2534 69 2539 .
176 2484 220 2536 bit
231 2484 313 2534 Vini.
324 2483 445 2532 mvrac.
458 2481 536 2535 ABG.
551 2483 634 2532 Bono.
653 2495 726 2533 veno
738 2482 796 2532 Pet.
809 2482 832 2529 u
846 2482 926 2532 tiocli.
941 2482 971 2529 B.
985 2482 1045 2545 [qni
1055 2484 1152 2534 eadem
1164 2496 1233 2536 con-

177 2552 297 2619 stantia,
318 2564 373 2617 qna
384 2553 466 2602 Vrat.
486 2552 516 2600 ll.
538 2558 565 2600 et
584 2553 669 2602 Boon.
684 2551 726 2602 lcii
739 2558 767 2600 et
780 2550 854 2617 lotis,
876 2550 899 2603 ta·
911 2558 939 2600 et
952 2551 989 2600 iio
1005 2552 1129 2614 exbibet)
1153 2555 1232 2605 Rom.
1267 2565 1270 2573 ·

177 2636 204 2676 e.
223 2623 295 2675 Med.
313 2635 340 2672 a.
354 2622 424 2671 Ven.
445 2620 470 2668 b.
488 2627 516 2669 ct
534 2621 671 2686 reliquae,
693 2621 776 2670 etiam
790 2622 875 2685 θιὼ,
900 2619 945 2683 qul
959 2622 993 2670 de
1006 2622 1146 2672 codicibus
1162 2624 1231 2690 sals,

174 2699 208 2745 ul
222 2692 296 2743 solet
311 2691 340 2742 iu
359 2692 411 2740 bac
427 2701 475 2755 rc,
498 2692 581 2740 tacet.
616 2690 823 2739 Demonstrandl
838 2688 881 2737 vis
894 2688 995 2755 maior,
1013 2703 1067 2753 qua
1078 2692 1232 2753 praeditum

174 2763 222 2814 cat
234 2760 274 2828 lot,
290 2761 325 2810 ab
338 2762 386 2809 boc
399 2759 460 2810 loco
473 2768 525 2808 oon
539 2758 627 2821 magis
641 2759 732 2809 aliena
742 2756 863 2821 videtur,
880 2770 960 2821 quam
975 2755 1032 2826 al,
1051 2762 1078 2823 2,
1097 2761 1144 2810 ubi
1158 2761 1231 2812 (ier-

173 2830 401 2893 meritamente,
427 2840 499 2892 quae
513 2830 582 2877 sunt
596 2829 673 2892 oprud
686 2840 734 2878 eoo
748 2829 834 2889 noto,
860 2829 1057 2893 tractatque
1071 2829 1231 2896 deformia,

175 2900 247 2950 boec
267 2898 414 2949 cotidiano
433 2897 644 2949 ecermtatioue
663 2894 767 2950 summi
785 2897 819 2947 ot
832 2894 892 2947 sint
904 2896 1030 2967 moris,
1052 2897 1173 2966 efficere
1186 2900 1232 2951 di-

173 2975 281 3021 cuntur.
1149 2996 1153 3005 ι

209 3036 384 3101 magnopore]
401 3047 503 3102 acapna
516 3044 603 3098 opere
616 3032 712 3083 llemb.
737 3037 840 3097 moqsno
852 3043 940 3096 opere
953 3033 1025 3084 Duk.
1040 3041 1068 3084 et
1082 3034 1168 3101 oud,
1183 3035 1231 3099 qui

174 3107 203 3171 7,
220 3105 257 3165 57
273 3116 445 3170 manuopera
454 3136 464 3170 ,
481 3104 545 3167 quia
556 3104 584 3153 in
597 3102 721 3153 omnibus
736 3101 813 3151 libris
827 3113 890 3151 esse
904 3101 1025 3168 videbat,
1044 3104 1139 3154 tenuit.
1165 3106 1231 3156 lili-

174 3177 204 3226 bi
218 3187 285 3229 sane
297 3173 402 3224 Caesar
413 3175 480 3223 baec
494 3173 603 3224 videtur
615 3171 753 3224 divisisse.
787 3171 819 3222 Iu
834 3173 943 3236 quarata
956 3184 1044 3236 opera
1055 3176 1089 3235 2,
1106 3172 1123 3225 5
1140 3176 1232 3235 potio-

174 3251 230 3296 res'
242 3243 352 3293 codices
372 3241 562 3309 consentiunt,
585 3248 613 3291 et
628 3244 660 3309 l,
677 3243 713 3293 38
737 3253 839 3305 mnpno
856 3248 1000 3304 operaest
1014 3241 1041 3291 in
1053 3243 1125 3292 And.
1141 3244 1228 3294 Voss.

174 3316 211 3371 A.
227 3319 255 3362 et
268 3312 363 3362 llamb.
398 3311 486 3361 liciam
503 3309 608 3362 llirtins
622 3311 653 3373 8,
669 3307 707 3362 ts
723 3311 868 3359 secundum
882 3311 967 3372 Bong.
983 3313 1018 3371 A.
1032 3310 1115 3360 Voss.
1128 3311 1164 3359 A.
1177 3315 1230 3364 Ox.

173 3383 251 3447 Ego.
266 3387 295 3430 et
312 3380 407 3430 llamb.
421 3380 460 3430 ita
474 3379 593 3441 scripsit.
628 3380 742 3429 Accedit
756 3381 825 3443 quod
838 3392 998 3444 mcpnoque
1010 3392 1097 3443 opere
1111 3390 1139 3430 et
1150 3381 1231 3432 simi-

148 3508 150 3512 ,
174 3451 214 3513 lia¹
230 3463 248 3502 a
266 3450 463 3513 probatissimis
483 3449 659 3511 scriptoribus
672 3455 805 3513 usurpate
818 3447 1008 3512 inveniuntur,
1031 3461 1101 3511 quoe
1114 3450 1229 3501 divisio-

173 3534 236 3575 nem
255 3520 290 3571 ab
308 3532 360 3568 usu
378 3529 430 3567 non
448 3518 622 3576 abbonuisse
644 3520 836 3583 demonstrent.
877 3517 978 3567 contra
999 3520 1032 3579 2,
1050 3517 1068 3568 5
1093 3526 1121 3568 et
1139 3517 1174 3589 4,
1192 3525 1230 3572 26

173 3600 346 3658 tnapncpem
360 3599 411 3637 nou
422 3588 507 3638 multo
521 3587 627 3656 minus,
653 3601 733 3650 quam
746 3594 839 3635 nostro
851 3586 912 3635 loco
927 3594 954 3636 et
968 3586 1001 3652 7,
1018 3585 1054 3638 57
1073 3594 1161 3638 tatum
1173 3597 1229 3653 est,

173 3670 203 3719 et
216 3659 360 3713 Lucretius
376 3659 408 3723 2,
427 3658 477 3718 176
496 3669 608 3717 versum
623 3666 827 3723 enmpnopcre
837 3653 948 3722 incipit,
969 3667 1005 3704 ex
1020 3667 1071 3716 quo
1085 3657 1229 3717 elisionem
1252 3699 1264 3712 .

173 3740 278 3796 quoquc
294 3727 324 3776 ln
344 3738 396 3775 usu
414 3725 503 3774 foisse
524 3724 694 3788 intelligitur.
734 3726 830 3785 ltaque
843 3732 969 3781 neutrum
980 3723 1076 3776 invitis
1088 3727 1228 3789 codicibus

172 3796 254 3860 alteri
264 3797 392 3860 tanquam
406 3792 560 3858 elegantius
571 3794 776 3860 praeterendum
787 3799 839 3843 cst.

190 3964 218 4026 s.
236 3963 263 4015 t.
298 3967 373 4026 erod
393 3965 547 4028 inproviso]
579 3965 661 4032 Quod
702 3963 876 4028 sequentibus
890 3965 1140 4034 supplendumest,
1157 3978 1229 4029 que-

139 4033 349 4088 coninncticest
363 4041 391 4084 et
402 4036 575 4099 periphrasin
592 4036 662 4088 lacit
704 4034 730 4084 si
741 4035 831 4084 dicat:
848 4036 975 4096 impetum
987 4034 1064 4085 illum
1075 4034 1228 4099 improviso

139 4103 273 4170 subiecti,
310 4103 661 4170 antepraedicationes
704 4103 732 4159 iu
753 4116 835 4159 unum
854 4117 953 4172 papum
967 4105 1071 4159 tactim
1084 4104 1129 4191 tto
1146 4117 1227 4161 com·
