2572 4688
396 275 501 350 nm.
522 272 611 348 nnn.
654 220 775 385 oar,
802 277 849 357 ra
1098 269 1168 351 esa

102 457 316 536 amianti
349 462 441 534 'viii
461 458 592 550 eutem,
617 465 754 554 quinci
770 463 1106 533 en‘l'nansrlnenanis·
1121 461 1166 532 etl
1187 464 1212 535 6

76 489 260 626 gesseram
277 555 409 648 legatos
425 555 602 635 miserant,
630 554 813 621 amicitiam
835 554 1004 634 fecerant,
1030 551 1168 620 obsides

77 642 260 723 dederant,
292 663 494 729 magnopere
521 643 683 723 orabant,
713 649 754 707 nt
773 642 842 709 sibi
862 642 1024 709 auxilinm
1047 641 1166 723 ferret,

77 732 170 820 quod
195 730 346 816 graviter
358 730 401 796 ab
417 729 537 798 Suavis
553 737 805 819 pcc-nrsnenturt
840 733 924 798 --vel
945 729 976 796 si
997 726 1034 794 ii
1053 728 1166 794 iacere
1188 735 1211 799 6
1234 777 1236 783 .

76 818 355 909 occupationibus
373 817 595 909 reipublicae
612 818 867 907 prohiberetur,
887 819 1073 903 exercitum
1096 836 1168 884 mo·

147 1006 176 1070 s.
190 1007 217 1060 5.
251 1006 457 1062 arcesserem
479 1011 587 1076 legatos
608 1009 756 1072 miserant]
781 1008 888 1061 Vocem
910 1007 1023 1075 legatos
1044 1004 1075 1060 ln
1096 1008 1168 1060 Ant

111 1078 165 1130 οι.
188 1078 273 1132 Vinci.
289 1081 325 1129 A.
350 1080 424 1131 liar.
441 1082 477 1130 A·
500 1079 643 1144 omisaan,
665 1080 701 1131 iu·
711 1078 788 1130 Lali.
804 1080 840 1130 A.
856 1086 920 1128 autc
937 1077 977 1129 oti
993 1077 1072 1130 oues.
1089 1077 1169 1141 posi·

111 1156 170 1202 tetn
190 1147 260 1199 Ouo.
284 1146 512 1201 insiticiam-csse
527 1149 685 1217 spspicetrr
701 1159 830 1212 sna-que
848 1149 882 1197 aci
901 1149 934 1210 1,
952 1144 989 1197 34
1005 1145 1032 1207 S.
1047 1149 1062 1198 1
1080 1148 1168 1198 adno-

112 1217 245 1270 tationem
267 1217 386 1268 conferri
407 1217 492 1269 iubet.
528 1217 558 1267 si
575 1229 645 1269 vcra
662 1227 727 1269 sunt
742 1228 813 1282 quae
829 1215 928 1267 ibidem
947 1227 1025 1268 ame
1042 1218 1106 1266 snut
1123 1216 1167 1267 ii-

113 1291 178 1349 cte‚
206 1287 359 1351 legatorum
383 1297 480 1339 nomen
503 1298 556 1339 non
580 1286 746 1351 maginni.
765 1285 853 1337 omitti
870 1284 973 1350 potuit,
998 1296 1079 1348 quam
1095 1298 1122 1336 e.
1138 1297 1166 1336 c.

113 1359 147 1421 ii,
162 1355 197 1405 28
215 1352 241 1415 S.
258 1359 289 1415 1,
312 1352 358 1404 ubl
379 1355 494 1407 Morinis
512 1355 747 1419 atque-Menapiis
764 1353 980 1419 ulcisceretur,
1005 1354 1077 1416 quoi
1095 1366 1167 1404 nun·

111 1435 195 1489 quem
210 1424 245 1473 ud
261 1422 410 1475 Gaesarem
427 1425 533 1489 legatos
552 1422 585 1475 de
602 1436 670 1489 pace
686 1418 836 1475 misissent.
864 1422 935 1473 Nem
951 1421 1046 1472 caiam
1059 1420 1167 1474 ratione

113 1492 248 1542 Vbiorum
266 1494 316 1544 imc
332 1492 412 1556 quasi
428 1493 553 1545 meritum
570 1486 808 1561 commemoratur,
825 1493 898 1565 quoti
907 1492 1014 1552 legatos
1027 1489 1170 1544 miserant.

115 1563 269 1612 Praeterea
285 1574 411 1625 magnum
429 1564 455 1613 b.
474 1564 493 1613 1.
511 1561 679 1614 concinnitas
697 1562 885 1613 detrimentum
898 1566 1003 1610 remoto
1019 1559 1068 1614 illo
1085 1573 1170 1624 cape-

112 1623 173 1683 ret'
201 1631 297 1694 ltaque
313 1641 415 1682 temere
432 1631 461 1682 ln
478 1645 510 1684 co
524 1633 608 1699 libro,
631 1646 665 1682 ex
680 1643 732 1694 quo
745 1632 815 1681 Anti.
829 1639 884 1679 etc.
900 1628 1067 1694 ductisunt,
1085 1631 1170 1682 omis-

114 1712 192 1762 sum,
216 1701 312 1751 deinde
329 1700 356 1750 in
375 1700 496 1764 margine
512 1701 630 1764 positum
646 1703 727 1765 etque
742 1712 778 1750 ex
791 1701 915 1764 margine
931 1698 961 1749 in
973 1696 1049 1748 beiti.
1063 1701 1099 1751 A.
1114 1711 1172 1752 non

87 1780 92 1789 ·
114 1781 167 1819 suo
183 1770 244 1821 loco
262 1778 400 1832 receptum
416 1770 535 1820 vitietur.
914 1764 918 1777 '

86 1904 90 1911 '
148 1840 327 1967 ῗὴᾶἔθῗιοερνοίῐεῗ
339 1850 562 1959 offellum&
569 1836 761 1973 [gffibipamg
783 1917 803 1954 a
818 1901 923 1954 Suecie
940 1902 1043 1968 „MSS
1057 1904 1086 1955 tl
1100 1904 1170 1981 litltl.

113 1970 204 2037 qii.“
225 1977 306 2037 ¹iigm.
332 1972 380 2027 Dr'.
403 1977 460 2028 nit.
483 1978 564 2029 Vrat.
582 1976 640 2027 Ac.
664 1975 745 2027 Goth.
761 1975 817 2024 Ali.
842 1973 925 2025 Vini.
942 1972 1000 2026 lili.
1025 1974 1085 2024 cii.
1103 1980 1168 2024 ante

113 2044 187 2095 Ven.
206 2044 227 2093 f.
250 2042 674 2109 Ci.adn.cr.ail2‚1ls‘.³·
945 2054 980 2119 '5

149 2112 177 2172 s.
191 2114 218 2161 t.
251 2115 294 2165 rei
310 2113 451 2176 pribiicac]
476 2115 540 2166 vv.
553 2111 607 2165 cc.
622 2114 687 2163 vra.
702 2110 731 2162 in
746 2112 810 2162 Not
828 2111 857 2160 s.
873 2107 922 2160 cn.
940 2109 992 2162 οι.
1008 2108 1171 2179 heldenses,

113 2192 210 2245 margo
227 2181 288 2233 Pet.
304 2180 459 2249 „aliique“
475 2183 547 2234 Har.
565 2185 602 2237 nl..
618 2180 684 2233 Pam
701 2181 731 2231 B.
749 2180 881 2232 Vinion.
898 2178 973 2229 retr.
990 2178 1126 2247 ilist10,
1143 2185 1171 2233 3.

112 2250 158 2301 ln.
179 2252 207 2299 et
223 2246 284 2313 sqq.¹
301 2252 402 2318 capaci
419 2250 544 2304 Romani
559 2253 637 2302 MSS·
655 2263 712 2301 sec.
728 2248 771 2301 cl.
789 2245 1027 2316 ,‚ceteri“·vmt.
1041 2250 1075 2299 Δ.
1092 2250 1171 2300 Rom.

88 2332 94 2377 '.
114 2331 145 2371 a.
162 2319 222 2369 Ber.
237 2322 307 2370 ven.
325 2323 345 2372 i.
362 2323 425 2372 nii.
443 2323 492 2372 Gr.
509 2335 536 2376 e.
547 2322 588 2372 st.
611 2320 710 2386 populi
722 2320 807 2371 Rom.
825 2318 873 2368 Gr.
887 2316 914 2367 bi
934 2314 1034 2383 popuii
1048 2318 1104 2369 lio.
1122 2318 1171 2370 Dr.

116 2389 174 2439 AB.
192 2388 275 2439 vind.
292 2391 324 2440 l).
342 2392 414 2441 Meri.
431 2403 459 2442 a.
478 2392 548 2443 ven.
565 2388 608 2442 bc.
626 2391 707 2441 nnrr.
729 2386 831 2453 popuii
847 2387 884 2438 it.
901 2387 986 2437 Voss.
999 2389 1033 2438 Δ.
1051 2385 1082 2438 P·
1095 2389 1187 2439 blan.-

98 2457 179 2519 ¹ilici.
204 2470 264 2520 nep.
287 2458 363 2521 Lips.
390 2472 477 2525 popu.
502 2461 556 2511 lto.
574 2460 645 2510 Ven-
669 2458 712 2509 cic.
739 2469 787 2522 po.
806 2458 862 2507 ito.
880 2455 963 2507 Vini.
978 2455 1009 2506 0.
1037 2452 1088 2522 p'p.
1112 2451 1170 2509 Rc'.

114 2526 213 2577 llemb.
234 2539 263 2589 p.
282 2527 320 2579 it.
341 2530 425 2592 Bong.
441 2530 476 2577 A.
494 2530 557 2580 Par·
575 2527 609 2576 A·
626 2525 706 2578 Vrat.
722 2523 775 2576 itti.
793 2525 873 2574 Goth.
889 2525 946 2574 nit.
974 2524 1101 2576 Romani
1115 2538 1172 2590 po·

113 2595 179 2661 preli
195 2595 276 2651 vluti.
295 2598 325 2644 ii.
349 2598 381 2647 in
397 2595 502 2660 quidem
520 2611 556 2648 ex
571 2590 670 2646 litierls
689 2593 876 2658 singularibus
892 2603 920 2642 r.
933 2604 963 2657 p.
976 2593 1107 2659 originem
1117 2595 1171 2647 in-

115 2675 182 2714 cere
199 2667 331 2729 apparet,
356 2664 470 2729 qulbus,
492 2677 553 2716 com
567 2662 615 2716 rei
629 2662 757 2729 publicae
771 2673 868 2713 nomen
880 2661 1099 2730 significaretur,
1115 2675 1172 2729 po·

115 2732 179 2799 preli
190 2733 316 2784 Romani
332 2730 484 2797 significari
499 2740 627 2796 putantes
645 2731 751 2784 librarii
768 2729 924 2780 inversione
942 2742 1010 2794 opus
1027 2742 1092 2783 csse
1109 2738 1172 2785 ata-

117 2809 234 2852 tnercnt.
269 2803 315 2853 Sic
340 2804 454 2866 vulgata
478 2806 543 2852 ante
560 2802 731 2865 scaligerum
748 2799 831 2853 lectio
848 2798 975 2866 exstitit5
995 2798 1065 2863 qnae
1082 2791 1170 2864 nctus

115 2870 165 2922 illo
189 2873 266 2922 modo
290 2871 407 2935 intelligi
430 2875 535 2938 potest,
561 2884 613 2936 quo
632 2885 656 2921 e.
673 2882 698 2921 c.
715 2867 813 2921 Livius
830 2868 891 2919 loco
909 2868 944 2918 eb
963 2866 1100 2933 lierzogio
1118 2870 1170 2920 ai-

71 2992 75 3001 ,
117 2929 220 3005 bibito,
252 2941 303 3007 10,
324 2938 359 2992 45
382 2940 543 2992 Etruriam
565 2940 661 2990 scribit
684 2937 900 3005 occupationem
921 2939 1021 3004 poptrli
1044 2937 1171 2992 Rotnani

116 3019 174 3074 pro
192 3010 341 3060 occasione
357 3011 516 3062 rebellandi
532 3009 680 3078 babuisse,
698 3008 743 3074 qni
759 3008 898 3073 genitivus
912 3005 1030 3057 subiecti
1043 3020 1093 3059 sen
1105 3020 1172 3071 per-

118 3089 205 3128 sonae
229 3069 378 3141 occupatae
396 3088 455 3146 est,
484 3093 573 3145 neque
589 3078 645 3148 ita,
671 3082 702 3131 ut
718 3077 855 3142 genitivus
873 3088 975 3137 causac
991 3077 1171 3142 aeufcriginis

119 3145 173 3214 slt,
207 3149 426 3210 quemadmodum
449 3149 477 3199 in
502 3148 688 3214 occupatione
709 3151 873 3213 temporum
888 3156 969 3210 qnam
986 3145 1091 3199 Cacsar
1108 3145 1170 3198 le.

117 3221 154 3279 3,
174 3217 226 3283 22,
245 3224 292 3266 aut
308 3217 372 3269 belli
388 3218 500 3284 ciuilis,
524 3232 604 3282 quam
619 3218 726 3270 Hirtius
743 3217 809 3267 (licit
826 3218 907 3267 Alex.
923 3211 967 3265 iil.
997 3216 1067 3267 iiam
1083 3227 1171 3279 qnae·

117 3284 185 3336 libet
210 3287 380 3346 proconsulis
404 3288 563 3355 occupatio,
586 3288 652 3353 quie
668 3286 760 3350 populi
777 3285 1014 3349 proconsulem,
1037 3284 1171 3348 apopnlo

118 3353 251 3417 originem
269 3357 401 3423 ducebat,
425 3369 512 3420 neque
531 3368 597 3409 vcro
614 3371 683 3408 usus
701 3354 827 3419 turnonii
844 3363 892 3405 ant
903 3352 976 3405 ratio
987 3351 1171 3422 permittebat,

118 3429 150 3472 ut
172 3422 202 3472 in
227 3435 279 3486 quo
301 3425 363 3488 quis
380 3428 455 3478 statu
470 3429 572 3478 ectuva
587 3439 639 3490 per
654 3424 773 3488 aliquem
790 3432 880 3488 esset,
902 3423 927 3474 is
946 3424 1036 3473 status
1054 3430 1171 3477 ecimus

118 3489 292 3561 cenimina,
315 3494 361 3559 qni
377 3503 470 3564 esset,
494 3497 544 3548 sei
560 3494 637 3563 eius,
647 3507 704 3559 per
716 3506 797 3560 qnam
809 3501 903 3560 esset,
927 3491 1072 3545 mcemtm.
1095 3490 1171 3547 Oun-

84 3661 210 3729 tepioncs
228 3661 343 3716 Baetim
362 3664 505 3719 troducit.
559 3664 606 3720 Sic
647 3662 819 3732 iutelligitur.
870 3664 1062 3729 imperfectum
1079 3673 1173 3720 autem

84 3733 168 3799 ninii,
208 3735 278 3796 quod
305 3741 383 3785 trans
410 3737 533 3788 Rhenum
559 3736 606 3807 alt,
648 3736 806 3803 significare
823 3737 913 3800 potest
932 3733 1025 3785 colem
1050 3737 1172 3799 tempore

83 3799 607 3870 caesarisimpcrioantpotestatisub·
647 3806 755 3872 legatos
775 3806 904 3871 venisse,
934 3814 986 3867 ‘11¹⁰
1004 3805 1171 3870 Summ-
1218 3865 1221 3869 .

81 3869 184 3922 lectum
197 3884 260 3921 asse
271 3875 376 3924 volunt
648 3887 709 3927 rom
733 3873 919 3940 responsari
937 3872 1085 3925 Gaesarem
1103 3887 1169 3938 per-

137 3939 166 3998 S·
179 3939 206 3992 5.
230 3940 359 4002 orabant]
391 3937 489 3994 lterum
504 3941 606 4008 legatis
648 3945 707 3998 late
727 3951 800 3996 sunt.
831 3943 862 3994 Si
879 3941 986 4025 prinus2
999 3943 1171 3998 reserandum

83 4006 177 4060 missis
191 4010 340 4071 postillam
358 4022 444 4074 supra
463 4024 488 4062 c.
502 4012 529 4065 8.
547 4011 606 4073 §.a
648 4018 693 4067 est
705 4016 740 4065 ai
752 4015 911 4067 alternum
927 4011 980 4061 line
1002 4011 1100 4075 capitis
1118 4026 1172 4077 po-

85 4088 320 4131 eommemcratem
334 4080 509 4147 legationem,
526 4085 557 4132 ut
569 4094 606 4134 ex
649 4081 749 4148 situm3
788 4095 842 4148 qua
860 4083 894 4133 ie
913 4090 945 4131 re
964 4078 1065 4134 dictum
1081 4081 1172 4150 ostili

81 4147 404 4216 noemineiproeliiis.
420 4152 453 4212 7)
473 4151 608 4209 menuenc
649 4154 712 4207 ain·
728 4152 848 4210 aicit
865 4149 933 4216 Sd.
