2572 4688
142 278 229 351 eso-
406 258 683 379 bannato
711 260 962 348 ain'nsoo

144 470 240 561 pium
253 484 295 537 ox
305 463 463 572 barbaris
475 463 617 533 nasibus
633 465 835 572 soporabat,¹
855 470 897 533 ut
911 484 1020 571 usqne
1038 484 1079 532 ex
1093 463 1235 534 iniurio-

103 552 1134 728 tititiiiiiiii?iiiiii-iti&titii
1151 555 1236 709 iti:

146 738 266 891 imm
288 752 308 796 a
328 708 478 805 nostris,
504 728 610 794 laires
630 731 1016 817 praeeuntem-insertas
1035 664 1235 814 nimiique

104 815 127 879 6
161 817 330 909 auguriis,
357 839 424 885 non
448 815 596 883 absimili
613 815 723 884 lorma
744 816 922 899 muralium
943 817 1095 887 falcium.
1167 817 1235 885 His

151 1048 154 1053 ,
213 996 242 1059 3.
254 992 283 1048 i.
316 994 352 1046 sb
369 991 474 1055 Gallis]
498 991 571 1060 „siu
588 994 663 1043 diss.
680 1001 710 1045 et
725 993 792 1046 lidd.
805 994 882 1046 vett.
899 1005 953 1046 nou
969 988 1026 1046 a.“
1049 994 1091 1045 De
1104 995 1167 1046 edd.
1178 994 1234 1046 isl-

179 1065 247 1119 litur
264 1066 332 1117 ond.
358 1063 438 1115 certe
454 1076 474 1115 a
489 1075 533 1113 rus
549 1063 666 1113 collatae
683 1076 778 1115 omnes
794 1078 813 1116 u
829 1062 920 1116 dada
936 1064 1062 1114 exhibent
1075 1076 1138 1115 unm
1153 1065 1234 1115 Goth.

179 1138 203 1188 Β
220 1138 249 1187 st
265 1146 284 1185 a
299 1147 336 1185 m.
354 1146 396 1196 pr.
414 1134 449 1182 A.
465 1131 563 1185 llanb.
580 1131 662 1184 vind.
680 1134 736 1182 AB.
761 1133 849 1185 inex.
867 1133 948 1184 liuba
961 1133 995 1184 ab
1008 1147 1044 1184 ex
1057 1133 1133 1186 Gom
1149 1134 1234 1185 Voss.

181 1207 216 1257 Δ.
234 1206 311 1268 ligni.
329 1203 446 1253 relatum
464 1203 516 1252 est·
552 1200 679 1252 ceterum
696 1202 732 1252 ei.
750 1203 812 1254 adn.
829 1214 869 1252 or.
886 1204 922 1253 ad
938 1205 995 1253 aa
1012 1201 1039 1263 S.
1051 1204 1079 1253 1.

216 1271 244 1333 S·
257 1274 283 1324 5.
316 1271 487 1333 adfixaeque]
510 1271 594 1334 Boug.
613 1272 646 1320 Δ.
660 1271 744 1321 Voss.
758 1274 793 1324 A.
807 1270 923 1338 noudff.
946 1269 1122 1338 afflssdsqtse
1133 1269 1234 1322 limb.

179 1342 214 1394 lu
230 1343 313 1393 Viud.
330 1342 364 1390 Δ.
378 1339 508 1390 enoiitioa
524 1341 552 1390 et
568 1341 734 1402 praecedens
752 1339 899 1406 insertus,
923 1340 994 1405 quod
1010 1340 1093 1392 (iotis.
1109 1342 1145 1408 dt
1169 1346 1233 1391 tau-

179 1413 238 1464 tum
253 1411 283 1462 iu
298 1422 335 1463 ru.
351 1410 433 1461 iubet
448 1408 569 1468 (insitae
586 1410 721 1465 Paitseu.
739 1408 840 1472 cond.)
856 1421 998 1475 perperam
1014 1409 1120 1462 unisse
1137 1415 1213 1460 snut.

198 1596 234 1636 ex
246 1580 374 1636 barbaris
388 1580 521 1644 navibus]
545 1583 668 1636 Altitudo
709 1582 851 1636 intendere
862 1596 936 1650 prae
949 1585 1035 1649 solet,
1056 1581 1106 1632 sed
1119 1577 1235 1644 partiei-

147 1655 276 1720 puppium
286 1661 348 1705 erat
359 1653 468 1715 proprie
479 1653 595 1705 navibus
604 1657 669 1705 bar·
711 1655 784 1717 pium
797 1666 859 1702 esse
875 1653 951 1702 verbi
962 1660 1145 1719 praeoedere
1152 1683 1164 1717 ,
1185 1662 1236 1700 ou-

148 1726 318 1776 bonorumet
333 1723 361 1773 iu
376 1723 564 1790 contentions,
589 1735 669 1786 quam
710 1725 755 1774 ins
785 1723 945 1784 tmperativo
971 1731 1000 1772 et
1024 1722 1117 1772 tuturo
1136 1727 1236 1771 eramo

148 1795 264 1845 verbum
280 1791 437 1857 superabat
458 1789 610 1858 significat,
635 1806 670 1843 ex
712 1793 781 1844 cato
802 1794 835 1841 de
851 1804 881 1841 re
903 1789 1060 1842 suetudo
1076 1789 1177 1852 utitur,
1201 1800 1236 1838 ex

93 1860 97 1866 “
147 1860 207 1915 lllls
231 1861 303 1912 siout
323 1870 414 1911 turres
434 1875 468 1910 ex
487 1862 670 1913 Romanorum
712 1863 739 1925 7,
753 1864 789 1914 73
802 1860 828 1920 S.
842 1865 1006 1923 a‘apparet:
1021 1858 1115 1911 rantis
1127 1856 1237 1910 wicia-

147 1931 270 1984 naslbus
285 1929 365 1994 quasi
382 1930 408 1980 in
425 1939 564 1981 cenoman
585 1930 671 1982 missa
712 1931 754 1982 sie
785 1932 872 1995 atque
893 1928 999 1979 loram
1024 1927 1178 1979 delibratis
1200 1937 1237 1977 ae

148 1999 289 2051 vincebat.
324 2000 419 2063 ltaque
434 1999 599 2061 praepositio
611 2012 672 2051 ma·
713 1999 880 2066 praeacutis
888 1998 1091 2059 abdominibus.
1108 1999 1169 2048 Neo
1181 1995 1237 2047 ali-

149 2069 195 2136 gis
208 2069 258 2119 ills
270 2065 377 2131 quidem
391 2067 517 2118 subiecto
530 2068 671 2134 enuntiati,
714 2076 757 2120 ter
771 2069 883 2132 reliquis
895 2068 923 2117 iu
935 2068 1021 2131 loeis,
1039 2070 1068 2135 2,
1084 2068 1127 2119 29.
1149 2063 1178 2132 t,
1192 2065 1236 2116 17.

149 2144 232 2204 quam
250 2137 408 2199 praedicato
425 2136 570 2189 coniuncta
581 2137 671 2186 nauti·
713 2138 741 2204 7,
760 2142 805 2190 22.
831 2139 867 2189 73
885 2136 942 2198 §.6
958 2144 986 2188 st
999 2136 1057 2188 cti.
1073 2137 1105 2199 i,
1123 2136 1162 2188 27
1176 2132 1237 2194 §.3

148 2212 231 2273 quant
249 2214 363 2268 prorsus
383 2204 418 2256 ab
438 2205 489 2254 boo
507 2207 673 2269 seiungenda
714 2203 771 2255 eti
787 2208 887 2259 dietum
901 2206 1019 2268 videtur,
1035 2217 1150 2270 qnorum
1166 2205 1236 2253 dno-

149 2276 277 2338 vldetu‘r‚
308 2274 528 2338 quemadmodum
548 2275 671 2324 Haedina
714 2274 805 2326 busin
818 2276 913 2326 mediis
936 2275 970 2333 (Ι.
986 2276 1019 2334 7)
1041 2285 1104 2325 euru
1124 2283 1237 2338 praest-

147 2340 220 2400 laoit
232 2344 349 2394 burnell.
360 2346 377 2393 2
389 2357 416 2405 p.
428 2341 480 2394 02⁵
497 2357 535 2400 eu
549 2342 671 2410 tepenti<
713 2348 778 2396 etos
790 2345 961 2396 coniunctum
973 2342 1092 2409 legitur,
1116 2343 1189 2407 quod
1208 2348 1237 2390 et

149 2413 234 2467 itibus
244 2414 342 2476 pateas
355 2421 383 2463 et
392 2410 485 2463 albam
496 2427 533 2465 em
545 2426 598 2463 ooo
609 2426 670 2463 oum
711 2413 800 2476 ipsum
819 2413 991 2476 participium
1010 2415 1065 2462 est.
1103 2409 1239 2464 Anterior

148 2484 204 2535 ltao
217 2481 334 2533 dictione
353 2493 515 2545 componens
527 2492 555 2532 et
568 2496 606 2534 em
621 2492 670 2544 pro
693 2532 697 2542 ,
712 2486 802 2533 autern
816 2495 880 2545 pars
892 2481 974 2533 falcis
986 2482 1135 2543 pariterue
1147 2480 1238 2532 trabis

148 2552 287 2622 genitivo,
306 2548 352 2616 qui
365 2551 443 2603 ouius
456 2552 497 2601 rsi
508 2552 609 2616 aliquid
622 2553 669 2616 sit,
711 2553 930 2615 reliquarumque
955 2563 1061 2615 rerum,
1093 2562 1164 2615 quae
1191 2549 1238 2598 bis

137 2620 278 2686 dedolat,
307 2618 424 2684 positum
449 2621 552 2671 dicens.
594 2623 670 2681 Quod
712 2630 817 2684 septem
832 2621 901 2674 locis
912 2619 1240 2686 praeacutaediountur‚

148 2691 196 2758 qiti
212 2690 323 2753 probet,
347 2690 429 2748 etlam
440 2682 550 2755 puppes
564 2703 602 2741 eu
616 2704 672 2740 ssa·
714 2702 750 2741 ea
773 2694 830 2752 est,
860 2690 977 2755 quaein
997 2700 1081 2754 opere
1107 2687 1239 2739 iaciendo

147 2760 231 2819 aibas
245 2760 322 2810 aiter
336 2759 382 2809 vel
397 2759 580 2811 altitudinem
596 2772 672 2824 pap·
713 2757 851 2824 praeeedit
871 2772 922 2810 seu
942 2770 1009 2821 prae
1024 2757 1128 2819 aeteus
1140 2757 1238 2808 admo-

147 2829 229 2898 plom
248 2841 287 2879 eu
306 2826 437 2878 barbarie
450 2828 570 2881 mnibus
584 2828 672 2879 miri·
714 2839 797 2881 vetur
818 2827 869 2895 lis,
897 2828 994 2892 quitus
1014 2834 1073 2879 tota
1091 2825 1242 2879 admoveri

149 2899 234 2969 picam
244 2909 305 2948 esse
314 2896 446 2947 dicentem
456 2898 557 2961 probet.
571 2896 673 2950 contra
714 2899 840 2950 debetne
851 2896 931 2963 solet.
955 2899 1031 2958 Quae
1043 2906 1105 2947 eum
1115 2894 1144 2945 in
1158 2895 1239 2946 faico

150 2968 199 3034 qui
220 2965 446 3031 praepositionem
466 2978 500 3015 ex
515 2964 672 3029 praedicato
715 2967 805 3032 seius,
829 2966 860 3016 in
872 2965 993 3017 trabibus
1009 2973 1098 3015 autent
1115 2971 1146 3013 et
1165 2962 1240 3014 reii-

152 3047 313 3098 snspensam
327 3037 437 3100 volunt,
460 3035 550 3087 simile
563 3035 614 3085 hoc
625 3037 670 3086 iu·
712 3037 773 3101 quis
785 3046 898 3088 acumen
911 3034 958 3098 sit,
971 3035 1048 3101 illas,
1064 3036 1240 3094 otimpraea-

152 3107 229 3159 oium
240 3104 297 3154 iliis
310 3115 348 3154 eu
362 3104 484 3155 trinetatis
497 3116 614 3155 causam
625 3105 672 3154 di·
713 3113 794 3156 outae
812 3105 954 3170 dicontur,
984 3102 1148 3154 aemoniae
1167 3113 1240 3157 oottt

151 3185 221 3226 uere
235 3174 276 3238 (1,
282 3171 325 3233 i),
344 3185 382 3224 eu
395 3172 475 3240 sunia
487 3175 612 3239 codopui
630 3177 671 3240 (1,
714 3167 852 3239 pelditltt
860 3200 874 3247 ρΙ
888 3174 939 3223 bus
952 3183 1020 3239 outo
1032 3165 1179 3241 iustitiam
1192 3172 1237 3223 di-

152 3245 206 3302 do)
237 3243 265 3291 et
284 3241 451 3293 altitudinem
471 3242 600 3306 puppium
618 3242 671 3293 int·
713 3244 925 3296 tendebamus.

152 3310 257 3378 ponunt
278 3310 397 3361 navibus
419 3311 588 3375 desuperque
618 3326 671 3375 pu·
764 3326 818 3364 non
842 3309 961 3363 absimili
981 3311 1072 3361 torma
1089 3304 1237 3367 muntium

152 3386 281 3445 gnomen
309 3385 338 3429 et
367 3388 539 3442 superantem
567 3381 673 3444 tingunt
713 3381 840 3442 saluium]
875 3381 979 3433 liat-utu
1007 3378 1093 3442 igitur
1119 3378 1237 3430 formam

152 3446 352 3513 audacissime,
369 3448 621 3513 nsdiuaminepte,
643 3456 672 3499 et
714 3453 797 3514 vulgo
814 3448 884 3501 satis
902 3457 992 3501 notam
1009 3447 1098 3498 tuisse
1116 3459 1236 3511 consen,-
1276 3463 1277 3467 ¹

152 3521 246 3569 tamen
259 3518 464 3568 collocationem
478 3520 556 3569 verbi
571 3519 673 3570 adver·
714 3523 823 3572 taueum
839 3526 892 3569 est.
926 3520 1015 3580 Atque
1036 3527 1154 3568 deseres
1174 3516 1236 3582 tal-

152 3586 256 3640 sarism
275 3587 391 3652 babent,
415 3586 485 3651 quod
504 3587 529 3638 si
541 3588 608 3639 iilud
622 3599 673 3637 vo·
715 3590 796 3640 catos
816 3599 842 3638 a
856 3602 883 3638 u.
895 3585 946 3639 5⁶5
963 3599 982 3638 a
999 3589 1037 3636 Μ.
1052 3585 1155 3636 Fulvio
1169 3596 1235 3636 uon-

152 3656 254 3707 iuisset
267 3656 394 3720 scriptur,
412 3662 476 3707 ante
488 3670 527 3711 em
539 3657 673 3709 barbaria
717 3659 778 3709 sule
800 3657 972 3709 Ambracium
994 3662 1170 3720 oppugnante
1201 3653 1236 3704 ad

151 3724 274 3777 navitas
286 3724 432 3786 posuisset.
715 3727 895 3790 detergendas
916 3726 1013 3788 pinnas
1032 3735 1172 3775 murorum
1185 3723 1237 3774 ad-

208 3791 237 3852 s.
250 3793 276 3843 5.
309 3793 398 3845 falces
415 3795 594 3857 praeacutae]
619 3805 673 3846 non
713 3793 970 3846 uinitosseounuum
983 3792 1130 3856 Polybium
1143 3796 1189 3861 22,
1202 3789 1238 3841 io

153 3861 348 3927 acutissimae,
369 3866 589 3924 quemadmodum
602 3862 674 3914 Oro·
715 3862 770 3924 §.i
788 3863 847 3926 (qui
859 3857 1047 3930 dopvipinasa
1060 3868 1161 3932 vocat,
1182 3871 1236 3925 quo

155 3933 214 3983 sius
222 3930 343 3979 sensisse
356 3931 472 3998 videtur,
487 3934 533 3997 qui
546 3935 596 3983 boo
609 3933 673 3996 ipso
714 3933 849 3984 vocabulo
868 3932 965 3983 Strabo
985 3938 1013 3982 et
1030 3929 1082 3981 Dio
1095 3933 1147 3983 baa
1160 3928 1237 3980 Bruti

154 3997 674 4132 ttltitttti‘ttitt‘tt’
715 3995 1237 4135 titttittttitiitttim

396 4103 404 4117 ο
657 4099 672 4112 ⁶
859 4130 863 4137 ι
1227 4101 1237 4133 ,

154 4137 273 4206 utinam,
305 4147 419 4202 unorum
449 4138 673 4205 drntucntiouem
692 4178 695 4185 1
715 4141 825 4197 sutoris
842 4136 1107 4197 sementationem
1119 4135 1237 4192 interiu-
