2572 4688
140 249 187 321 n
401 244 475 318 nu
497 182 683 342 nunno
711 244 963 321 assumo

147 456 266 509 corros
286 457 367 505 suos
386 459 427 505 se
445 440 681 509 contulerunt:
710 458 789 506 nom
807 437 871 505 boo
892 437 1132 530 totoproelie,
1155 458 1233 509 eum

149 525 194 594 ab
212 526 295 593 liora
315 526 459 614 septima
471 525 516 595 sd
527 547 703 617 uesperum
716 532 902 616 pugnatum
916 526 983 608 sit,
1003 547 1162 595 armum
1175 528 1235 595 ho-

107 615 129 682 8
150 622 238 683 stem
259 611 375 681 videre
387 636 485 683 nemo
501 618 625 705 potuit.
674 664 678 672 -
693 613 755 683 Ad
770 615 912 691 multem
927 620 1059 682 motem
1074 615 1180 682 etiam
1195 614 1237 684 od

148 701 376 792 iupedimenta
387 713 573 792 pugnaturn
587 711 658 784 ost,
678 711 860 793 propterea
871 700 964 792 quod
977 724 1041 794 pro
1055 704 1148 771 velie
1163 724 1239 771 car-

147 812 207 859 ros
224 789 417 858 obiecerunt
431 798 468 858 et
481 813 500 858 o
515 793 592 858 loco
608 790 782 880 superiore
793 791 830 858 iu
843 797 980 859 nostros
991 790 1169 861 venientes
1186 798 1240 859 te-

148 878 185 946 la
197 877 436 959 conficiebant,
459 886 497 946 et
509 881 660 946 nonnulli
674 879 765 946 inter
778 900 895 947 carros
910 885 1072 967 rotasque
1087 887 1239 948 mataras

107 961 137 1029 4'
151 988 190 1036 ou
208 966 361 1055 tragulas
380 966 607 1041 subiiciebant
627 974 830 1057 nostrosque
854 966 1089 1038 vulnerabant.
1152 965 1239 1037 ⁴Diri

216 1143 378 1207 vesperum]
400 1120 553 1211 uesperam
570 1145 641 1197 liber
658 1154 741 1197 setus
759 1143 872 1211 Vrsini,
893 1142 979 1209 Bong-
997 1142 1030 1196 c.
1048 1152 1078 1196 et
1093 1145 1155 1197 edd.
1175 1153 1239 1199 ante

182 1213 264 1331 eid,
287 1217 403 1275 excepto
422 1215 494 1283 inc„
518 1224 575 1267 tum
593 1217 670 1278 nipe.
687 1214 1049 1280 consummatoria,
1071 1213 1118 1278 qui
1134 1217 1239 1283 „bosa

196 1294 243 1332 ere
255 1280 393 1401 cudnctow
410 1292 524 1337 secutus
534 1298 689 1352 comesum
701 1284 820 1348 scripsit.
855 1283 959 1337 caesar
971 1296 1123 1350 otonem
1136 1284 1240 1336 dixisse

181 1362 237 1404 uon
250 1363 279 1400 vi
297 1362 312 1400 e
325 1364 367 1404 nr.

218 1424 363 1482 eversum]
386 1421 545 1475 moerente
563 1422 648 1485 Bono.
668 1418 723 1475 uc.
745 1419 856 1474 etauio
875 1432 947 1473 corr.
969 1421 1003 1471 A.
1021 1421 1081 1473 Pet
1094 1421 1164 1472 Itos.
1180 1422 1239 1474 Pol.

184 1487 260 1543 Gott.
281 1491 375 1558 ligm,
399 1500 526 1555 quattuor
544 1493 594 1545 aiii
615 1493 699 1557 oud,
715 1491 795 1543 Vrat.
809 1488 868 1544 Ac.
891 1491 971 1542 Gotb.
984 1492 1006 1539 Β
1019 1498 1048 1540 et
1066 1500 1241 1555 cumpuncta

183 1560 237 1611 sub
249 1558 270 1611 d
282 1561 317 1611 A.
329 1560 428 1612 Hamb.
440 1564 552 1617 Meda.
567 1564 637 1614 Ven.
651 1563 729 1612 bcde.
742 1562 804 1611 Ber.
826 1561 859 1611 lu
871 1560 953 1611 vind
969 1557 1003 1609 Α.
1016 1561 1101 1612 litura
1113 1568 1157 1610 est
1169 1560 1241 1612 iuter

183 1643 205 1681 a
212 1635 252 1750 ὧι
268 1642 297 1682 c.
331 1629 364 1681 ld
381 1631 556 1702 notavimus,
580 1633 612 1684 nt
624 1630 707 1684 stiam
720 1630 749 1682 in
762 1629 871 1695 optimis
883 1628 961 1682 libris
975 1631 1043 1681 boec
1055 1629 1186 1682 confundi
1197 1631 1240 1681 in-

183 1705 213 1751 to
244 1705 363 1762 geretur.

220 1765 291 1835 §.a
323 1769 460 1831 mataras]
483 1770 610 1822 naturas
627 1767 710 1821 Vind-
729 1770 761 1818 B.
784 1768 917 1820 materno
935 1778 997 1817 cum
1015 1780 1035 1819 a
1055 1778 1139 1829 super
1158 1767 1241 1819 otiu.

183 1837 329 1891 moriar
341 1838 425 1902 song.
437 1839 468 1890 n.
485 1842 633 1892 matteras
646 1839 730 1902 Bong·
745 1835 778 1891 0.
791 1845 820 1888 et
833 1849 852 1888 a
863 1849 899 1887 m.
911 1847 935 1885 s.
950 1836 1029 1886 Goth.
1041 1839 1077 1889 A.
1098 1848 1241 1888 monacos

184 1907 284 1959 liomb·
306 1918 461 1959 mnozorus
478 1908 560 1959 vind.
579 1909 603 1961 it
624 1909 757 1961 maras
773 1907 834 1958 Pul.
857 1904 1006 1957 masurius
1020 1904 1090 1956 Veu.
1104 1907 1165 1957 cde.
1180 1908 1242 1957 Bor.

186 1976 451 2035 mozorosmembr.
466 1977 560 2028 lirant.
575 1975 657 2028 vind.
670 1977 726 2027 nm
741 1982 769 2025 et
783 1975 906 2038 reliquae
918 1974 978 2025 edd.
990 1981 1054 2024 ante
1066 1972 1145 2037 Lips.
1160 1988 1242 2037 prae-

187 2047 232 2096 ter
249 2043 318 2109 iun,
342 2057 413 2108 quae
433 2057 495 2097 oum
514 2043 664 2107 potioribus
677 2045 745 2095 0ud.
757 2045 895 2095 codicibus
909 2046 923 2094 t
936 2053 984 2104 pro
998 2056 1018 2093 z
1030 2045 1164 2105 agnoscit.
1200 2045 1243 2095 lix

184 2113 229 2167 bio
249 2120 362 2174 apparet
378 2125 433 2163 non
446 2116 558 2165 multum
571 2112 741 2164 tribuendum
754 2126 818 2162 osse
830 2112 976 2165 ciacconio
987 2112 1118 2163 meliores
1133 2112 1241 2165 codices

185 2183 325 2248 mutares,
341 2183 370 2233 et
381 2182 550 2234 Hotomouno
562 2184 704 2232 nonnullos
717 2185 848 2236 moturas
861 2182 987 2233 exhibere
997 2182 1158 2233 dicentibus.
1187 2183 1242 2233 Ge-

185 2253 276 2303 nrum
295 2262 350 2301 nou
367 2250 464 2305 mirum
484 2253 528 2302 est
540 2252 702 2303 vocabulum
716 2253 886 2316 peregrinum
898 2253 932 2302 ab
947 2251 1010 2302 aliis
1024 2252 1105 2302 aliter
1115 2252 1242 2303 innexum

186 2331 262 2371 esso.
295 2319 376 2371 bivio
389 2321 417 2383 7,
434 2320 470 2371 24
493 2321 634 2373 ablativus
654 2321 765 2373 motari
786 2329 845 2386 est,
869 2329 898 2370 et
912 2320 1018 2373 auctori
1030 2324 1066 2372 od
1082 2314 1242 2388 Her-ennii,

187 2390 223 2439 22
245 2388 368 2441 motoris
386 2390 585 2456 Transalpina,
611 2391 743 2441 Sisennae
762 2393 835 2454 apud
855 2389 971 2440 Nonium
985 2389 1034 2455 18,
1052 2393 1087 2439 26
1104 2391 1180 2441 Galli
1192 2406 1244 2452 pu·

187 2469 291 2522 gnosso
308 2460 467 2511 maioribus
487 2460 622 2510 dicuntur.
655 2460 745 2510 Etiam
764 2461 836 2522 apud
856 2459 1081 2511 streitonensi
1097 2473 1123 2520 p.
1137 2460 1172 2512 58
1191 2463 1242 2511 Tu.

186 2521 309 2597 pericopen
328 2524 437 2580 παλτοῦ
455 2545 485 2581 ss
497 2522 568 2584 sides
582 2528 720 2585 codicibus
734 2530 816 2581 valde
835 2528 1053 2590 discrepantibus
1066 2535 1095 2577 et
1109 2537 1201 2579 tamen
1214 2530 1244 2581 in

187 2610 214 2650 ss
226 2597 472 2663 consentientibus,
496 2605 525 2648 et
538 2600 609 2660 apud
621 2596 789 2659 Hesycbinm
801 2592 934 2665 oedipus
947 2597 1055 2659 legitur.
1091 2598 1244 2649 tibertinus

185 2664 317 2733 hodieque
338 2667 430 2717 Gallis
448 2669 564 2719 mutuos
582 2667 710 2730 sagittam
727 2667 873 2730 capitatam
886 2667 1047 2717 crassiorem
1062 2666 1116 2716 dici
1132 2669 1244 2718 demon-

185 2740 268 2787 stret.
302 2737 356 2789 Sed
373 2738 507 2793 motum
526 2735 658 2790 Caesaris
677 2737 768 2790 iacula
785 2748 867 2790 mauu
879 2735 1025 2789 emittenda
1037 2736 1127 2787 tuisse
1140 2744 1244 2789 certum

153 2948 287 3013 accurate
299 2943 335 2996 ad
347 2955 416 2996 eoos
428 2953 567 2995 secamus
580 2952 678 2996 contu·
720 2942 816 3006 pedem
829 2949 904 2992 certo
918 2941 1068 2992 retulerant
1080 2938 1164 2998 (cib
1176 2939 1244 3005 §.tn

155 3007 226 3061 iisse
233 3011 308 3076 dixit,
326 3025 388 3063 cnm
399 3010 489 3064 omnia
501 3013 679 3076 impedimen·
721 3014 751 3064 et
764 3010 889 3062 summoti
901 3017 987 3061 eraut.
1009 3009 1059 3068 (ib.
1074 3006 1101 3068 S.
1114 3012 1156 3069 6.)

155 3083 188 3130 ta
206 3091 289 3130 nuum
307 3079 337 3131 in
354 3082 444 3149 lotum
456 3081 558 3134 collata
575 3089 678 3150 essent,
772 3080 840 3141 §.a
875 3081 969 3130 eloco
987 3079 1142 3140 superiore]
1169 3079 1243 3131 ilino

156 3149 199 3207 [t-
211 3147 248 3201 24
268 3147 343 3209 Spa)
367 3157 417 3203 aut
437 3151 497 3201 siue
513 3162 600 3202 causa
618 3151 678 3203 ido·
721 3150 930 3214 apparetlocum
941 3149 1027 3209 illum,
1044 3148 1072 3199 iu
1084 3161 1163 3212 quern
1175 3162 1201 3199 c.
1211 3147 1246 3202 24

155 3227 211 3267 nea
225 3228 287 3267 eam
305 3225 410 3280 partem
422 3218 679 3290 impedimentorum,
722 3220 749 3281 S·
761 3225 778 3270 3
794 3220 984 3283 impedimento
996 3219 1097 3270 coliata
1108 3219 1245 3285 dicuutur,

157 3295 229 3348 quae
241 3285 367 3339 Boiorum
378 3296 407 3339 et
419 3289 591 3367 'inpingorum
608 3298 679 3355 erut,
721 3289 823 3341 editum
848 3288 945 3343 inisse.
987 3288 1045 3348 Quo
1062 3287 1153 3340 minus
1172 3287 1245 3337 enim

158 3352 449 3419 areliquisdistinxit.
483 3359 597 3410 Accedit
609 3360 680 3422 quod
721 3371 784 3411 curn
804 3360 989 3419 Metapbraste
1015 3359 1067 3408 hoc
1092 3358 1127 3407 de
1155 3357 1245 3409 carris

157 3422 196 3475 ab
222 3437 274 3491 ea,
301 3439 371 3490 quae
390 3427 486 3483 deinde
509 3429 544 3479 nd
567 3430 681 3481 multem
721 3428 945 3494 interpretemur,
969 3426 1113 3488 scriptoris
1127 3437 1245 3477 consuc-

159 3500 268 3544 noctem
280 3497 413 3557 producta
426 3497 526 3550 dicitnr
539 3511 631 3561 pugne
642 3500 679 3549 ad
721 3499 787 3549 mdo
807 3497 912 3563 obstet,
937 3495 984 3558 qui
1002 3499 1097 3547 locum
1110 3496 1246 3560 superio·

159 3558 367 3632 impedimenta,
401 3567 507 3621 afonso
537 3567 680 3618 Helvetios
722 3578 788 3619 rem
806 3567 860 3616 soli
872 3569 1016 3628 terraeque
1028 3565 1136 3616 ratione
1153 3562 1245 3616 habita

161 3635 334 3687 statuendum
346 3643 440 3703 osset,
462 3648 573 3700 quorum
589 3638 682 3688 temen
721 3636 813 3687 dicere
834 3637 913 3686 solet.
947 3633 990 3686 ci.
1010 3646 1035 3685 c.
1047 3633 1083 3685 25
1100 3632 1127 3693 S.
1141 3635 1159 3683 2
1175 3635 1203 3684 et
1215 3636 1244 3699 2,

161 3700 291 3755 virtutem
314 3703 345 3756 in
364 3706 680 3770 proxime.sequentibus
723 3708 768 3756 23.
792 3707 819 3771 3,
839 3701 866 3755 t.
884 3701 929 3755 25.
953 3702 979 3773 5,
1000 3705 1027 3754 9.
1052 3705 1080 3768 6,
1097 3700 1142 3753 oo
1158 3703 1187 3768 7,
1201 3704 1245 3753 10.

159 3770 383 3834 paritoriandat.
416 3776 512 3839 ltaque
534 3777 563 3827 iu
580 3775 622 3825 his
635 3777 682 3827 ot-
723 3774 808 3826 Simul
833 3785 942 3837 eornm,
971 3772 1018 3837 qni
1036 3771 1118 3822 inter
1137 3782 1245 3822 carros

159 3839 238 3893 tero
258 3842 339 3897 etiam
355 3836 498 3897 Helvetios
512 3845 600 3897 inisse
616 3856 682 3895 cos-
710 3844 782 3894 *teia
794 3841 989 3910 subiiciebant,
1007 3841 1125 3893 audacia
1139 3853 1172 3890 eo
1184 3852 1245 3892 ma

163 3922 217 3975 quo
233 3913 344 3969 citeros
363 3914 552 3967 universorum
577 3914 682 3967 ratione
723 3910 958 3976 insignitionum,
974 3913 1045 3974 qnod
1057 3911 1149 3962 locum
1160 3922 1246 3974 supo-

162 3981 257 4034 babitu
284 3984 373 4037 dicim
402 3992 483 4054 puto,
517 3981 561 4040 bct
589 3981 682 4039 bobert
723 3982 823 4033 rioren
835 3989 863 4031 et
873 3981 1000 4032 tutiorem
1011 3980 1186 4041 reliquerant.

161 4044 251 4119 ssbeii.
774 4051 912 4113 tragulas]
930 4051 1034 4102 Hastae
1046 4056 1125 4100 erant
1137 4053 1244 4100 amento

211 4123 355 4187 asomum]
368 4124 427 4176 bs.
440 4121 596 4194 fugientem.
612 4122 682 4187 Natu
723 4117 891 4190 intimatae,
906 4119 1007 4187 (iuliis,
1024 4117 1168 4190 Hispanis,
1183 4115 1245 4171 Bri·
