2572 4688
54 287 58 297 .
141 251 208 325 ree
407 246 972 341 usannneonourao
1062 281 1068 301 ·

99 451 123 515 2
142 445 275 508 xerunt.
329 437 443 507 Vnum
457 445 574 530 petere
589 461 628 508 ae
641 436 835 528 depreoeri:
855 437 887 506 ei
903 439 994 506 ierte
1003 457 1070 526 pre
1085 456 1149 530 eun
1159 437 1226 504 ele·

144 529 269 594 mentia
285 548 323 594 ee
339 527 606 611 mansuetudine,
626 549 727 617 quam
740 528 808 616 ipsi
821 525 863 594 eh
875 526 953 595 aliie
968 524 1139 606 audirent,
1157 533 1228 593 ste·

143 615 285 695 tuisset,
311 614 514 684 Aduatucos
534 637 612 683 esee
633 613 898 704 conservandos,
922 634 966 682 ne
982 634 1022 683 ee
1043 612 1149 678 armis
1170 610 1234 689 des

102 712 124 776 8
146 703 323 792 spoliaret.
396 702 473 772 Sibi
501 725 617 771 ornnes
642 704 715 770 ier'e
734 703 899 770 finitimos
916 722 994 787 esse
1015 699 1172 767 inimieoe
1193 721 1232 767 ao

146 812 229 856 enee
249 790 369 857 virtuti
389 789 556 873 invideres
586 814 610 857 a
633 790 757 883 quibus
774 812 812 857 ee
827 788 1007 856 defendere
1019 786 1161 855 traditis
1178 808 1233 853 er·

106 880 127 946 d
148 879 214 944 mie
236 898 302 943 nen
323 885 473 966 possent.
546 878 622 946 Sibi
640 876 844 967 proestare,
855 877 887 944 ei
900 877 935 943 io
950 897 1026 942 eum
1042 896 1159 941 oenum
1172 873 1233 940 de.

147 965 369 1046 ducerentur,
402 965 555 1054 quemvis
583 967 752 1032 fortunam
776 989 797 1031 a
816 964 943 1071 pupule
969 963 1123 1035 Romano
1147 963 1234 1067 pati,

147 1073 250 1147 quarn
271 1051 315 1119 aio
337 1052 392 1120 hie
407 1076 468 1144 per
481 1052 667 1122 erueiatum
681 1053 844 1136 interfice,
863 1054 1052 1142 intorques
1066 1049 1235 1117 dominari

183 1209 282 1266 uene.
302 1207 355 1262 Gn.
370 1211 453 1264 vind.
475 1211 506 1263 ll.
523 1210 577 1263 ine.
599 1211 701 1264 emisse
717 1212 787 1265 ond.
803 1211 832 1263 et
847 1206 1028 1262 recentiorum
1044 1219 1111 1271 pere
1128 1205 1238 1258 uncinis

183 1280 369 1347 incluserunt,
394 1293 446 1346 ege
460 1280 594 1334 etielende
610 1280 721 1350 punvi,
739 1293 792 1333 non
805 1292 858 1345 quo
871 1279 908 1332 eo
920 1277 1069 1343 interprete
1080 1275 1173 1342 eliqua
1187 1289 1237 1327 exe

188 1349 309 1413 cogitate
331 1357 361 1404 et
383 1348 487 1403 ineerta
502 1350 670 1417 iudiearem,
696 1351 793 1414 quippe
807 1359 877 1414 quoe
893 1354 997 1399 motum
1014 1347 1086 1401 ebeit
1102 1355 1134 1397 nt
1149 1345 1239 1397 inter-

184 1417 364 1482 pretationem
380 1419 539 1484 cuiusquam
555 1432 666 1486 eorum,
679 1431 758 1481 queo
775 1416 1003 1487 praeterierunt,
1026 1415 1191 1480 exhibeant,
1207 1424 1239 1467 nt

185 1486 249 1549 ipre
266 1499 346 1551 quem
362 1488 478 1538 maxime
494 1500 576 1552 egere
592 1488 814 1549 interpretatione
830 1485 992 1554 videantur,
1014 1485 1064 1537 eed
1080 1485 1152 1553 quod
1163 1483 1238 1535 Gee-

164 1575 167 1579 ·
184 1565 278 1606 eurem
302 1567 337 1606 ee
358 1554 389 1608 in
411 1558 634 1619 Eplremeridibne
649 1559 745 1609 notate
760 1557 789 1606 ln
804 1555 1018 1619 commentario,
1039 1566 1102 1605 enm
1119 1554 1154 1606 ed
1172 1565 1240 1616 por-

186 1621 360 1685 epieultetem
376 1625 529 1677 sententiae
545 1628 627 1689 pluro
644 1626 732 1680 verbo
748 1624 937 1689 requirerent,
960 1635 1041 1687 mom
1061 1632 1142 1690 quoe,
1156 1620 1240 1671 insti·

185 1696 247 1742 tate
262 1690 342 1742 lniue
358 1693 446 1754 partie
460 1695 583 1746 breviter
600 1702 728 1759 caperet,
749 1692 837 1755 ipsun
850 1690 976 1743 emmane
992 1688 1142 1740 verisimile
1154 1697 1240 1740 esset.

186 1760 259 1812 riom
277 1760 329 1810 hee
345 1771 450 1827 qnoque
467 1770 619 1826 perterrere
634 1769 663 1812 et
679 1762 885 1824 obstupefacere
900 1761 1059 1813 Adnetoooe
1075 1766 1105 1810 et
1120 1770 1241 1809 semme-

185 1826 290 1882 merert
306 1828 343 1881 no
358 1828 393 1879 ils
408 1830 438 1882 in
454 1819 589 1896 prooemid
605 1829 737 1884 arationis
754 1842 821 1883 suae
838 1836 981 1900 potuerat,
1006 1829 1080 1893 quod
1097 1838 1170 1892 quoe
1189 1840 1242 1891 pu-

185 1908 254 1962 gne
264 1898 347 1959 paolo
369 1907 433 1949 enee
456 1912 492 1951 ex
508 1901 654 1964 longinquo
670 1897 774 1951 intend
790 1898 853 1950 vise
869 1899 962 1965 esset,
984 1908 1047 1950 eem
1061 1896 1191 1949 celeriter
1207 1898 1243 1950 ad

187 1977 294 2017 murum
317 1967 425 2020 admota
450 1967 520 2022 turri
543 1968 633 2022 subite
657 1969 833 2034 propinquam
849 1968 953 2037 lactem
975 1967 1008 2018 et
1025 1965 1107 2018 brevi
1122 1973 1243 2028 ternpore

187 2045 317 2098 magnum
340 2034 532 2104 intervallum,
563 2050 615 2102 qno
633 2046 722 2089 metes
740 2050 772 2087 ee
788 2045 817 2088 et
834 2038 908 2090 tutes
926 2042 1087 2102 preessent,
1111 2038 1248 2098 quodem-¹

188 2106 268 2180 modo
284 2104 441 2168 absorptum
457 2106 599 2158 vidissent.
640 2104 767 2158 Ceterum
783 2119 802 2159 a
820 2106 884 2159 Per.
902 2107 937 2156 A.
954 2117 1059 2168 qnoque
1074 2105 1127 2156 ille
1143 2104 1243 2159 emese

191 2184 227 2222 ex
243 2183 277 2222 eo
293 2172 410 2241 ronige,
431 2177 503 2238 quod
520 2171 694 2229 Aoneintriue
711 2175 768 2239 legi
784 2186 820 2226 eo
836 2173 865 2226 iu
880 2174 945 2227 Per.
961 2176 992 2224 ll.
1008 2177 1138 2226 testetur.

137 2301 140 2305 ¹
228 2239 255 2301 8.
267 2243 294 2292 2.
328 2241 466 2304 audirent]
490 2244 522 2296 Id
539 2245 607 2296 0ud.
624 2257 660 2297 ex
676 2246 778 2298 duobus
796 2242 896 2296 Vrsini
913 2244 1006 2310 eade,
1028 2244 1089 2295 Pet.
1105 2243 1192 2292 Voss.
1207 2242 1244 2293 A.

189 2309 269 2375 agn.
286 2309 371 2374 Boug.
387 2310 422 2361 A.
438 2313 509 2368 liov.
526 2311 603 2366 nelo.
619 2313 654 2364 A.
671 2323 726 2382 „et
738 2312 831 2364 multis
843 2307 936 2365 oliie“
952 2312 1058 2372 (lieet.)
1073 2311 1130 2362 ina.
1147 2312 1244 2373 steph.

190 2391 242 2443 pre
257 2379 426 2448 nudarent,
448 2383 519 2446 quod
535 2391 599 2434 ente
616 2395 679 2434 enm
695 2384 838 2446 vulgatum
855 2388 932 2446 eret,
953 2381 1067 2444 recepit.
1100 2379 1245 2434 Accedunt

191 2448 267 2500 Her.
283 2450 318 2498 A.
335 2457 364 2501 et
379 2448 466 2502 molor
482 2463 547 2514 pars
560 2464 690 2507 meorum.
712 2451 864 2506 audissent
875 2450 904 2502 iu
917 2451 965 2503 Dr.
978 2452 1009 2499 ll.
1022 2451 1104 2502 Vrot.
1117 2446 1150 2498 c.
1163 2448 1245 2498 lietu.

192 2519 224 2568 ll.
240 2515 324 2569 Vind.
347 2520 381 2571 A.
404 2527 433 2570 et
455 2521 569 2584 reliquie
587 2529 651 2572 ente
669 2522 737 2573 ond.
754 2523 813 2572 edd.
829 2518 934 2572 inveni.
967 2514 1161 2581 Imperfectum
1178 2529 1246 2568 con-

192 2593 310 2639 stantem
324 2588 358 2637 de
372 2586 501 2640 caeseris
514 2591 659 2642 elementia
670 2592 772 2643 lamam
784 2597 812 2639 et
823 2586 987 2641 auditionem
1000 2586 1163 2652 repetitam,
1178 2599 1248 2636 ver-

191 2657 256 2708 bum
275 2657 380 2711 audire
402 2657 492 2722 ipsum
508 2660 569 2711 iere
585 2659 656 2712 idem
674 2661 701 2709 lr.
717 2660 754 2724 l.,
778 2659 849 2724 qnod
866 2657 1018 2717 laudatam
1034 2656 1139 2708 andire
1157 2655 1247 2719 signi-

191 2725 274 2854 ἔσει,
298 2729 330 2778 ut
346 2726 411 2853 01ιᾶ
421 2729 490 2794 leg.
506 2731 541 2795 2,
557 2729 576 2783 8
594 2727 621 2793 S.
634 2729 653 2784 7
660 2741 669 2781 t
696 2727 764 2783 anic
780 2726 968 2798 amoenitati,
990 2737 1077 2796 qaam
1095 2738 1135 2783 eat
1151 2725 1248 2793 Quin·

208 2809 291 2849 oeae
311 2809 360 2855 oa
400 2810 438 2851 re.
578 2807 581 2820 ·

226 2810 405 2929 respiraret]
427 2856 601 2931 dispoliaret
616 2866 726 2932 ·,‚MSS·
742 2873 771 2918 et
786 2865 855 2920 Edd.
872 2860 962 2930 qdd.“
984 2864 1034 2922 ur.
1052 2863 1083 2916 B.
1106 2860 1190 2919 ean.
1214 2861 1248 2917 B·

193 2935 292 2986 llemb.
315 2936 398 2986 vind.
422 2935 477 2987 CF.
500 2935 560 2986 edd.
584 2937 647 2987 ente
663 2937 736 2988 Ver.
759 2936 798 3002 A,
821 2937 879 2987 tum
895 2934 1029 3003 Aldinae,
1052 2932 1102 2991 ar.
1118 2944 1146 2984 e·
1164 2931 1248 2982 Turr.

194 3005 271 3064 [ripe.
299 3002 339 3055 ln'
357 3005 436 3057 Goth.
459 3007 494 3059 A.
520 3005 551 3055 di
574 3017 593 3057 a
615 3016 651 3054 m.
675 3018 699 3056 e.
718 3005 909 3056 intervenere
926 2998 1062 3066 additum,
1085 2999 1117 3053 in
1131 3000 1207 3052 ven.
1224 3001 1248 3050 i.

168 3056 172 3089 '
193 3073 339 3144 spoliaret
354 3074 485 3136 seriptum
502 3081 554 3124 eet.
587 3075 672 3136 Bang.
687 3076 722 3124 A.
745 3074 933 3139 desportaret
949 3073 1037 3124 euml
1055 3083 1138 3135 snper
1159 3068 1249 3122 vitio-

194 3155 230 3194 ea
245 3153 281 3208 r,
305 3143 390 3194 Benn
414 3143 613 3207 despoliarent
634 3143 908 3207 retinueruntque
928 3141 1108 3208 enudaret
1122 3138 1249 3192 vunnu

194 3211 224 3261 in
240 3211 344 3261 duobus
362 3212 456 3279 aedd,
481 3211 609 3264 Brentius
626 3210 655 3262 in
672 3224 722 3263 eno
739 3217 768 3264 et
783 3213 826 3264 ed.
842 3215 946 3279 veen,
963 3225 1006 3263 ex.
1019 3209 1103 3264 Febr.
1117 3206 1147 3260 in
1159 3208 1248 3263 Voss.

194 3282 230 3336 A.
255 3281 332 3342 uum.
355 3281 428 3331 Gott.
451 3290 565 3332 exstare
586 3283 740 3347 testentur,
769 3280 893 3346 idemque
916 3291 968 3346 ege
989 3281 1020 3333 in
1036 3277 1150 3344 reliquie
1166 3291 1186 3330 e
1201 3290 1249 3328 me

195 3349 305 3401 collatis
326 3351 404 3400 codd.
427 3358 456 3400 et
478 3349 506 3401 ln
528 3351 570 3401 od.
587 3351 677 3412 steph.
694 3352 745 3405 Gr.
762 3351 788 3400 l.
812 3352 855 3403 lu.
871 3359 900 3402 at
918 3363 977 3414 sqq.
992 3347 1103 3416 inveni,
1126 3355 1159 3400 nt
1176 3347 1249 3399 rotie

194 3421 302 3474 eertum
319 3419 346 3469 lt.
362 3419 383 3468 l.
398 3417 534 3468 videatur.
567 3417 609 3475 Ae
627 3419 738 3485 neseio,
768 3432 804 3473 eu
819 3419 974 3484 ubieunque
988 3418 1113 3476 ablativo
1129 3418 1250 3471 mnium-

195 3495 270 3538 otum
289 3494 349 3553 eet,
380 3485 419 3536 ibi
441 3487 599 3539 necessario
622 3486 783 3554 despoliare
805 3490 994 3557 scribendum,
1020 3485 1199 3554 dispoliare,
1220 3483 1250 3538 ei

194 3568 247 3619 per
268 3554 377 3607 eofficee
401 3555 482 3621 lieet,
513 3555 551 3607 iol
575 3559 741 3621 probandum
764 3557 817 3625 eit,
844 3559 892 3610 ubi
907 3558 1066 3625 diripiendi
1080 3553 1249 3623 ammonae

196 3634 263 3689 opta
280 3627 332 3679 eet.
365 3622 409 3675 (il.
427 3625 569 3687 Zumptine
586 3626 622 3676 ed
639 3625 698 3678 cie.
713 3625 842 3695 verne,
857 3629 893 3679 20
910 3626 1014 3690 need.
1174 3653 1177 3659 ¹

230 3695 258 3756 s·
278 3690 304 3743 4·
337 3695 500 3754 cruciatum]
530 3695 682 3751 aaran
706 3696 789 3749 vno.
812 3698 849 3753 A.
871 3697 949 3750 uere.
966 3699 1003 3749 A.
1026 3695 1160 3758 enimn
1176 3693 1249 3746 ouo

195 3763 232 3815 lit
247 3763 347 3837 plurali
364 3777 431 3816 usne
447 3770 492 3814 est
509 3764 626 3828 scriptor
642 3767 676 3835 t,
691 3767 726 3823 31
743 3764 837 3834 8012,
861 3768 897 3823 ³2
915 3765 944 3828 8.
956 3763 991 3834 5,
1014 3762 1043 3834 d,
1059 3763 1094 3817 15
1111 3766 1141 3816 et
1157 3760 1185 3834 5,
1201 3763 1250 3822 56.
1280 3826 1283 3845 ἰ

213 3899 275 3960 Μ.
293 3858 385 3961 petere
399 3913 432 3953 oo
442 3900 597 3963 deprecari]
612 3902 684 3960 Pro..
726 3902 861 3967 odditum,
882 3904 914 3953 nt
931 3902 1006 3954 orda
1025 3901 1061 3953 ed
1077 3900 1160 3954 ratio
1173 3912 1199 3952 e.
1214 3901 1251 3953 19

127 3979 132 3996 “
163 3963 223 4030 prie
236 3968 337 4020 dietum
356 3971 401 4019 est
418 3971 574 4034 deprecari
590 3973 625 4020 de
641 3984 683 4036 re,
726 3970 781 4035 §.i
795 3977 825 4020 et
837 3983 905 4034 quae
918 3969 956 4022 ibi
968 3972 1071 4020 collata
1085 3978 1159 4021 sont.
1176 3970 1250 4021 tier..

163 4051 244 4100 quum
258 4037 319 4088 neri
333 4039 444 4106 nollent,
461 4045 491 4089 et
503 4041 539 4092 ad
551 4039 684 4091 delinien-
726 4039 834 4091 meniee
845 4040 948 4091 dixeris
966 4036 1036 4100 dini
1049 4029 1131 4095 bdtta
1143 4035 1179 4107 stt
1192 4031 1249 4099 ltl'oi
1261 4073 1265 4084 «

164 4109 227 4161 dom
247 4106 324 4171 prius
345 4108 513 4175 ampliusque
529 4111 632 4175 patere
644 4107 687 4161 eie
730 4119 763 4175 qt
776 4114 805 4164 tt
817 4103 894 4174 idaeo
909 4105 979 4177 nidd
992 4105 1105 4177 adito·
1190 4188 1191 4192 Ἰ
