2572 4688
369 332 373 340 .
421 269 528 392 nin.
557 270 591 347 1.
634 268 828 346 CAN}
870 304 875 311 ·
1097 275 1167 349 111

74 486 120 534 ex
134 484 202 531 usu
215 465 327 546 esset,
347 480 469 531 necno:
496 482 556 530 sas
570 460 620 529 ita
633 459 763 529 dicore:
831 459 910 530 Nou
925 482 1002 529 csse
1013 461 1067 530 ias
1079 461 1165 532 Ger-
1184 457 1208 524 5

73 575 197 623 menos
214 571 396 639 superare,
422 551 462 657 si·
471 558 550 656 suto
560 551 817 656 'novam-lunam
832 551 961 640 proelio
974 549 1167 657 conmodis-

73 642 310 817 imnis?
323 636 851 814 qlltltitilztid‘tl
860 637 1042 815 tilii
1055 645 1165 795 tiit

145 884 175 949 8.
196 881 224 936 l.
264 884 367 946 necne]
395 883 477 937 Vrat.
499 881 558 935 AG.
582 883 662 936 Goth.
682 885 718 935 A.
740 878 812 935 Ven'.
830 882 908 934 bode.
931 882 994 934 Ber.
1012 884 1103 946 Steph-
1120 880 1164 937 (il.

110 955 205 1020 Vulgo
222 966 276 1006 nec
292 967 345 1023 ue,
366 952 445 1018 quasi
457 954 524 1005 illud
538 950 736 1019 interrogandi,
752 954 803 1003 loc
815 950 931 1018 negandi
942 953 1104 1007 vocabulum
1117 955 1163 1005 sit.

75 1036 79 1045 ·
144 1023 174 1085 8.
187 1022 214 1077 d·
247 1024 355 1084 lunam]
377 1023 490 1075 mnam
507 1021 663 1087 0ud.‚¹qul
678 1022 702 1072 si
717 1034 816 1073 numen
829 1020 984 1086 significare
998 1022 1164 1075 litters-ms·

109 1092 221 1146 iosouls
247 1093 351 1159 voluit,
376 1106 428 1158 quo
452 1103 564 1143 numero
580 1092 685 1142 Lunum
701 1091 793 1153 utique
810 1092 883 1155 apud
900 1090 1051 1142 Germanos
1075 1091 1164 1142 iulsss

108 1160 338 1228 ipsodicente,
355 1164 390 1215 21
407 1164 510 1229 refert,
533 1162 653 1211 additum
668 1173 774 1211 nouam
790 1174 844 1213 noo
861 1159 930 1211 satis
942 1159 1165 1229 respexit„qusd

109 1232 146 1283 de
171 1230 262 1281 sidere
285 1239 314 1282 et
337 1243 450 1295 corpore
466 1230 579 1281 coelesti
595 1229 711 1294 cogitari
725 1229 808 1281 iudet
842 1232 904 1282 Nou
920 1228 1009 1294 magis
1025 1226 1059 1298 4,
1076 1232 1113 1282 29
1129 1230 1165 1283 ut

108 1300 196 1353 meua
214 1300 291 1351 esset
305 1301 392 1363 plena
409 1300 531 1351 scribere
550 1301 672 1354 debebat.
856 1334 858 1339 .

146 1368 213 1430 Gap.
228 1368 272 1421 51.
296 1366 323 1427 S.
340 1373 366 1419 1.
401 1366 712 1431 praesidio-reliquit]
735 1366 820 1418 Voss.
838 1366 894 1416 AB.
914 1363 991 1416 Leid.
1008 1366 1043 1416 A.
1062 1366 1112 1417 Dr.
1131 1367 1164 1417 lt.

75 1492 82 1503 ‚
110 1445 141 1490 et
157 1439 281 1490 tortasse
297 1438 379 1489 Vind.
396 1438 432 1491 ll.-
456 1435 758 1504 praesidio-relicto
775 1436 877 1487 Faerni
891 1433 980 1499 liber,
1000 1436 1067 1488 vat.
1081 1436 1166 1518 Vrsi-

110 1506 599 1643 sanguinitatis.
607 1505 856 1627 11111511·
866 1504 1167 1637 &liti-iistis:
1192 1558 1197 1573 ι

110 1645 236 1711 reliquit
256 1645 326 1711 lteg.
350 1644 450 1710 reliqui
474 1646 542 1696 oud.
567 1644 651 1704 [iuter
668 1655 736 1707 quos
752 1644 824 1694 haurd
841 1642 921 1692 dubie
937 1643 1020 1707 Boug.
1038 1644 1072 1694 A.
1088 1644 1166 1695 reie-

110 1717 214 1768 reudus
231 1721 291 1780 est,
316 1727 352 1764 ex
367 1727 420 1779 qno
437 1722 528 1765 tamen
540 1713 704 1765 Pliisolrlrius
721 1711 788 1763 nihil
805 1712 839 1762 sb
855 1713 951 1762 nostra
967 1720 995 1760 et
1010 1711 1079 1763 0ud.
1094 1712 1167 1763 seri-

110 1787 198 1850 ptura
212 1781 372 1846 discrepans
388 1783 500 1845 retulit)
523 1784 581 1834 Pet.
598 1784 656 1833 Pol.
674 1784 721 1832 Dr.
734 1783 769 1831 A.
780 1782 860 1833 Vrat.
874 1779 930 1831 Ac.
944 1779 1023 1831 Goth·
1036 1781 1067 1831 Β.
1081 1780 1164 1833 vind.

109 1853 194 1904 ABE.
214 1852 286 1903 llas.
303 1853 339 1903 Α.
356 1853 468 1916 (inquo
487 1852 543 1904 alia
559 1853 641 1902 lectio
658 1851 736 1914 prius
749 1848 837 1899 inisse
851 1848 978 1912 videtur,
1002 1853 1100 1913 postea
1112 1862 1164 1901 ea-

110 1923 173 1973 dem
188 1933 271 1972 manu
286 1924 405 1980 mutata)
426 1929 454 1972 et
470 1922 534 1972 edd
547 1929 610 1972 ants
626 1921 705 1983 Lips.
730 1918 1049 1984 praelium-reliquid
1064 1919 1163 1971 Hamb.
1271 1930 1273 1935 ·

108 1989 253 2056 (reducta
275 1990 357 2042 etiam
380 1992 465 2042 voss.
487 1992 522 2042 A.
544 1991 691 2041 secundum
712 1987 823 2040 liebric.
845 2000 905 2051 ex„
928 1986 958 2039 ln
981 2000 1034 2051 qno
1050 1991 1166 2053 praeter

109 2063 164 2115 lnce
187 2067 216 2111 st
239 2058 322 2125 Bong.
343 2056 377 2112 (i.
394 2060 559 2123 scripturam
576 2058 642 2110 nillil
658 2064 778 2110 notatum
795 2058 861 2117 est.)
897 2057 1001 2108 Harum
1016 2058 1163 2110 lectionum

108 2125 1164 2264 tu.tia.tt.ttttlniltlstitiatti¹⁰li:.lttitioll·

109 2279 163 2330 qne
180 2264 360 2318 verisimilius
378 2262 416 2318 sit
432 2280 467 2318 ex
483 2266 560 2331 ipsa,
583 2279 665 2329 qnam
680 2265 768 2328 ipsam
784 2229 821 2316 εκ,
836 2266 970 2316 alterutra
987 2275 1074 2318 ortam
1087 2274 1160 2317 esse.

108 2336 191 2388 Hauc
219 2334 304 2400 igitur
323 2336 448 2388 codicum
468 2333 631 2387 auctoritato
655 2347 708 2386 non
732 2347 844 2397 prorsus
868 2332 1024 2398 refragante
1049 2343 1162 2386 secutus

109 2418 188 2474 sum,
216 2407 321 2457 mutua
344 2414 436 2456 tamen
458 2403 674 2467 interpunctione
700 2407 728 2455 et
746 2411 808 2466 post
822 2403 1031 2456 uteretur-non
1048 2405 1161 2469 maiore,

108 2486 192 2538 qoem
208 2476 271 2536 post
285 2473 408 2539 reliquit
424 2474 517 2536 iacta,
539 2480 570 2523 ut
587 2472 693 2523 caesar
708 2472 839 2535 postridie
852 2471 905 2523 tria
917 2471 1045 2535 deinceps
1058 2473 1162 2524 iecisse

109 2544 234 2609 domur,
262 2545 401 2609 praecidio
426 2544 528 2595 castris
551 2539 652 2606 aliquid
675 2541 837 2608 reliquisse,
866 2541 968 2591 alarios
991 2541 1082 2605 aliquo
1099 2544 1161 2594 loco

108 2611 305 2678 constituisse,
334 2613 394 2677 lpse
411 2612 501 2676 aliquo
519 2623 606 2675 usque
623 2609 789 2662 accessisse.
830 2611 906 2670 Quae
923 2609 1061 2663 distinctio
1077 2610 1161 2667 etism

107 2682 145 2734 ad
162 2680 322 2742 Lipsianam
338 2681 500 2745 scripturam
516 2677 741 2732 accommodatior
757 2677 875 2731 videtur.

143 2749 245 2808 omnis]
268 2752 353 2815 Bong.
370 2747 429 2805 AC.
445 2744 515 2801 nov.
533 2748 582 2801 Dr.
598 2749 633 2800 A.
650 2743 732 2802 Vrat.
747 2742 803 2799 sn.
820 2748 903 2799 Boun
920 2743 1002 2799 Vind.
1021 2745 1074 2800 BC.
1095 2750 1124 2801 et
1134 2759 1160 2804 a

107 2830 145 2870 m.
161 2833 187 2871 s.
205 2819 285 2870 Goth.
301 2823 337 2871 A.
353 2832 407 2871 non
424 2831 531 2870 omues.
855 2834 858 2841 ·
1111 2856 1115 2864 ,

73 2967 264 3042 sucepturos.
271 2969 476 3043 προεθέσπιζον
482 2966 532 3025 οὔκ
543 2966 598 3024 s‘o'i-
638 2972 728 3024 diersa
746 2969 826 3039 dicit,
850 2983 919 3036 quas
930 2972 1036 3025 caesar
1047 2973 1159 3028 matres

75 3061 124 3095 uos
135 3039 229 3111 μάχην
241 3044 377 3096 τίθεσθαι
394 3047 461 3112 reple
476 3037 597 3108 ἕπιλάμ-
639 3042 905 3113 familiaeappellat,
920 3043 976 3093 allo
989 3052 1158 3098 0110100010-
1197 3078 1199 3089 ·

74 3126 132 3178 φα.
144 3112 213 3164 slas
223 3108 339 3178 σελήνην
360 3112 512 3171 (domiuum
521 3124 597 3171 ¹vor·
637 3126 669 3165 ro
681 3124 760 3164 usum
774 3123 837 3176 esse
850 3114 956 3176 probet.

75 3182 178 3232 uicibus
201 3181 323 3232 intentae
349 3190 377 3233 et
402 3194 438 3232 ex
464 3182 596 3231 undarum
690 3183 753 3244 sd.
771 3179 1062 3241 entenovamlunam]
1078 3181 1159 3231 Alle-

74 3249 293 3302 revolutionibus
312 3261 347 3301 ac
367 3252 443 3300 sonis
456 3250 595 3301 conlectu-
637 3261 675 3301 aa
687 3253 722 3301 sl)
742 3252 768 3300 lt.
780 3251 800 3300 l.
814 3252 892 3314 sunt,
910 3260 980 3314 quae
992 3249 1157 3312 interpretes

73 3331 135 3370 ram
154 3319 320 3382 capientes.)
356 3321 457 3370 lisdem
476 3331 511 3369 ex
530 3320 597 3370 l’lu-
638 3318 745 3383 quidam
762 3320 796 3368 de
811 3319 1006 3382 Spartanorum
1025 3320 1158 3369 aliorum-

73 3390 173 3439 tarolso
190 3391 272 3439 ducta
283 3390 364 3439 habet
376 3388 500 3439 clemens
514 3391 595 3439 Alex.
637 3402 689 3451 que
703 3387 894 3439 observatione
907 3391 988 3439 lunae
1003 3385 1032 3438 in
1045 3388 1157 3449 proeliis

72 3459 174 3510 strom
190 3461 205 3509 t
222 3472 251 3520 p.
263 3458 318 3509 aad
333 3459 404 3511 Poto.
433 3458 596 3507 Plutarchus
637 3458 767 3509 obeundis
779 3459 994 3510 commemorant.
1022 3458 1082 3509 Non
1095 3459 1157 3508 erat

73 3535 167 3578 autem
186 3539 240 3578 nou
259 3538 295 3576 ex
314 3528 367 3579 hoc
387 3525 516 3578 caesaris
535 3529 597 3578 loco
636 3526 693 3578 isto
739 3528 935 3578 aomanorum
980 3529 1156 3594 consuetudo,

74 3595 233 3661 illaduxit,
249 3595 278 3645 in
290 3608 343 3658 quo
355 3607 403 3658 pro
414 3595 541 3646 sortitus
552 3598 596 3646 ls-
635 3598 856 3660 quemadmodum
874 3595 1001 3660 illorum,
1032 3596 1081 3644 sed
1104 3598 1155 3645 lroe

74 3665 148 3730 gerit
166 3663 340 3728 uerticibus,
362 3673 392 3716 ut
410 3666 596 3716 Hotomannss
636 3674 757 3727 tempore
779 3666 908 3717 mulieres
926 3664 1035 3715 divinas
1054 3676 1155 3716 novam

74 3735 200 3797 putebat.
240 3736 310 3786 Nam
330 3743 361 3784 ut
379 3735 513 3784 iaciamus
533 3740 595 3785 eum
636 3735 729 3785 lunam
747 3737 957 3799 exspectandam
978 3746 1043 3784 esse
1059 3735 1155 3786 deela-

74 3803 105 3854 in
124 3816 177 3855 suo
200 3804 294 3853 codice
313 3802 453 3853 invenisse
470 3803 597 3854 cortici-
636 3805 784 3853 reverante
813 3803 867 3854 alio
894 3806 1014 3864 tempore
1033 3804 1155 3854 tortasse

75 3872 142 3939 tus,
164 3872 193 3924 id
207 3871 315 3923 minime
330 3872 484 3923 sufficiebat
496 3875 530 3923 ad
550 3881 595 3924 ta·
605 3918 619 3927 ,,
635 3872 743 3936 plenam
752 3871 799 3921 vel
809 3872 884 3923 aliud
894 3873 956 3937 quid
967 3871 1153 3934 requirebant.

73 3943 130 3992 lem
157 3943 364 4007 explicationem
388 3943 592 3994 informandam.
686 3941 803 4003 proelio]
831 3938 903 3991 iusto
923 3947 951 3991 et
968 3941 1039 4004 quod
1059 3952 1077 3991 a
1095 3943 1154 3991 toto

74 4011 169 4074 nsque
187 4021 257 4062 vero
273 4009 382 4061 caesar
403 4011 445 4060 sic
470 4012 594 4061 scribere
635 4011 756 4061 exercitu
775 4009 899 4060 intretur.
939 4009 1008 4060 Nam
1030 4007 1153 4072 equitatu

73 4086 200 4150 peoerat,
228 4079 254 4130 sl
277 4092 297 4131 a
322 4088 454 4143 quoquam
477 4079 593 4144 intelligi
634 4087 663 4130 et
683 4081 760 4142 parte
778 4078 861 4129 etiam
879 4077 1042 4140 pedestrium
1058 4075 1152 4142 copis·

73 4150 170 4204 uellet.
204 4149 296 4203 littam
317 4152 387 4214 quod
406 4161 509 4204 seem
526 4163 592 4204 mo·
633 4148 973 4204 menstruatarum.
