2572 4688
145 247 214 321 252
395 248 468 321 iiii
495 246 679 369 annio
710 248 962 327 anitiae
1017 352 1030 369 ‚

54 488 57 493 -
146 461 223 509 enm
248 436 379 506 saevire
406 444 526 506 ventus
549 441 719 528 coepisset
738 447 776 508 et
795 461 834 509 eo
856 448 956 511 rento
976 439 1235 523 inurentes

147 533 382 615 tempestatem
403 527 532 595 ferrent
549 529 685 595 facilius
706 535 742 595 et
760 529 798 597 in
816 529 912 598 vadis
931 530 1162 599 consisterent
1178 537 1234 597 tu-

146 615 217 683 tius
239 622 275 681 et
295 614 337 680 ab
360 623 456 682 aestu
477 612 619 682 relictae
640 616 725 681 nihil
744 638 826 683 saxa
849 624 885 683 et
907 626 1027 685 cantes
1052 621 1233 700 timerentp

106 754 112 771 .
147 723 290 792 querum
311 720 424 769 rorum
446 704 594 771 omniurn
615 704 745 773 nostrie
762 704 905 772 navibus
923 728 1025 775 casus
1046 713 1126 773 erat
1144 706 1233 779 extis

146 934 151 941 .
210 896 282 957 SA.
315 897 390 955 cum]
413 904 525 946 walse
541 894 625 949 Voss.
641 897 676 948 A·
693 897 878 951 tantumn

108 1030 123 1041 Ι,
148 1032 152 1041 ¹
200 963 323 1046 saevire
332 969 440 1083 ἔοιῑέιε
456 963 606 1041 coepisset]
630 978 682 1020 om·
693 969 771 1019 lud.
791 968 842 1021 ox.
859 965 942 1020 vind.
958 969 994 1018 A·
1011 958 1085 1024 ilar.
1102 967 1138 1019 A.
1166 978 1231 1033 ree·

175 1047 242 1088 erre
259 1042 311 1085 ete.
359 1045 428 1082 sm.
931 1078 933 1083 ,
1168 1038 1172 1047 “

211 1106 244 1155 et
257 1105 302 1161 se]
326 1114 376 1153 om.
395 1102 479 1164 Βοῦς.
494 1100 528 1151 Α.
546 1100 623 1152 heiti.
639 1101 670 1152 C.
688 1104 772 1155 Voss.
790 1103 821 1155 c.
838 1106 923 1155 Dorv-
941 1103 1017 1156 aon.
1035 1112 1064 1155 et
1082 1119 1141 1157 sec.
1157 1105 1228 1158 (ind.

176 1174 235 1225 l’et.
254 1167 399 1222 Pa1;.n0'v.
417 1174 542 1232 (quorun
560 1172 594 1220 de
611 1172 714 1222 duobus
731 1172 866 1236 prioribus
881 1172 1009 1224 nannet
1024 1172 1228 1240 conduma,

162 1240 194 1297 'e
217 1251 352 1303 postremo
375 1239 457 1290 Febr.
482 1241 512 1291 et
535 1242 634 1299 retent)
670 1242 718 1290 ilr-
740 1245 776 1299 A,
800 1243 879 1292 Vret.
902 1240 982 1293 ABG.
1009 1243 1090 1296 Goth.
1115 1244 1146 1294 Β.
1173 1243 1227 1297 Gn.

144 1362 150 1373 ,
177 1312 274 1363 iiamin
292 1309 375 1359 vind.
397 1308 450 1357 ilii.
474 1310 516 1358 ed.
540 1307 595 1358 inc.
622 1321 654 1360 ee
676 1307 747 1361 And.
769 1311 820 1362 or.
836 1310 920 1360 vind
938 1313 971 1360 A·
994 1312 1068 1363 iiav.
1085 1316 1130 1377 A„
1140 1312 1226 1366 Voss.

176 1381 234 1432 AB.
252 1378 322 1429 an.
341 1376 415 1428 Laid.
433 1378 464 1427 Β.
481 1378 558 1441 Βιζιιι.
576 1378 626 1426 Dr.
642 1381 670 1426 Β.
689 1378 767 1429 Gora.
786 1383 821 1429 Α.
837 1380 920 1429 vind.
939 1378 971 1428 G.

211 1448 308 1506 vento]
331 1461 359 1498 o.
377 1458 408 1496 te
425 1446 505 1496 Vrat.
522 1448 556 1495 A.
574 1447 652 1509 iigm.
674 1459 730 1496 sec.
748 1446 829 1498 retr.
847 1473 884 1484 -
907 1446 993 1498 'Hanc
1009 1453 1116 1497 omnent
1133 1446 1229 1501 varie·

146 1520 149 1527 '
176 1520 259 1569 tatem
277 1530 312 1564 ex
329 1526 421 1566 errore
437 1514 466 1565 in
485 1517 535 1563 liae
552 1512 688 1566 initiorum
706 1527 740 1566 ao
758 1514 973 1566 terminationem
991 1513 1168 1568 similitudine
1182 1518 1229 1568 ia-

144 1588 160 1647 “,
174 1587 235 1639 eiie-
243 1584 431 1635 committendo
450 1583 578 1647 originem
596 1586 696 1633 ducere
713 1592 741 1634 et
759 1584 818 1635 sine
835 1585 931 1636 idonea
948 1590 1035 1635 causa
1046 1584 1123 1649 ,liud
1138 1584 1169 1635 in
1184 1588 1227 1635 ed.

144 1660 148 1667 '
173 1658 191 1711 2
208 1657 296 1705 veroa
312 1655 342 1705 et
357 1666 388 1703 se
405 1653 491 1703 vento
510 1653 657 1704 dedissent
673 1653 751 1702 uncis
767 1653 912 1703 inclusisse
926 1664 1034 1702 censeo.
1060 1652 1143 1703 Certe
1156 1657 1228 1718 qnod

172 1725 201 1777 in
226 1723 397 1775 adnotatione
413 1720 492 1771 'edi
518 1721 600 1787 dicit,
629 1720 762 1771 neminem
786 1734 834 1787 se,
865 1723 971 1785 quaiido
995 1720 1108 1772 saevire
1125 1730 1228 1773 ventus

140 1786 146 1793 '
172 1792 303 1857 incipiat,
330 1797 411 1841 vento
430 1792 511 1854 dare,
534 1799 563 1839 et
579 1793 645 1840 naec
666 1791 753 1852 poetis
767 1790 871 1855 magis,
895 1804 974 1855 qnam
990 1776 1131 1842 tiatoricis
1144 1805 1227 1841 usur-

172 1866 238 1926 pata
254 1862 393 1913 abundare
414 1858 521 1909 omnino
537 1858 642 1923 videri,
669 1861 704 1910 ad
722 1859 902 1923 suspicionem
919 1858 1077 1911 firmandam
1095 1872 1149 1910 non
1168 1863 1227 1912 sut-

170 1931 237 1985 noir.
272 1933 383 1981 Saevus
401 1929 473 1977 enim
493 1934 591 1977 ventus
610 1929 746 1978 secundus
764 1942 827 1979 esse
849 1937 948 1991 potest.
988 1927 1032 1979 Gi.
1049 1927 1109 1980 Cio.
1127 1932 1185 1981 Ait.
1201 1928 1228 1995 5,

142 1999 152 2059 ζ,
174 2002 209 2050 12
233 1999 300 2050 trade
324 1998 456 2061 Gnarum
478 2008 565 2047 aueoo
583 1999 687 2062 cento,
710 2011 767 2049 nora
783 1998 918 2050 aduerso.
952 1996 987 2047 iit
1003 1999 1163 2051 dorotea
1179 1997 1228 2048 Gi-

146 2074 152 2081 '
172 2080 272 2119 cerorie
289 2066 369 2117 etiam
388 2064 520 2115 audacius
538 2062 637 2114 dictum
657 2072 700 2116 est
718 2069 800 2117 verr.
819 2068 853 2132 Β,
872 2069 906 2116 19
922 2067 1019 2117 iernen
1036 2080 1074 2121 ne
1088 2069 1226 2131 premens

171 2141 332 2203 patronum
355 2137 437 2185 tuum
461 2133 493 2187 in
515 2133 568 2186 too
591 2134 713 2186 crineine
732 2134 909 2187 cer-cicutam
926 2134 1111 2190 iactaturum·
1125 2140 1157 2189 et
1171 2134 1225 2200 ῥο-

142 2208 146 2217 ’
168 2206 240 2275 'pnlo
257 2218 288 2256 te
306 2216 341 2255 ae
358 2215 483 2271 coronae
500 2199 663 2254 daturam?
692 2203 738 2256 ubi
755 2204 920 2255 conterende
935 2211 979 2254 est
995 2205 1086 2269 Lipsii
1108 2202 1225 2257 ιιᾱιιοιιι-

171 2276 219 2328 tio.
253 2277 346 2337 licque
361 2270 519 2324 insolentior
535 2273 617 2335 paulo
634 2280 662 2322 et
680 2286 763 2334 supra
779 2274 942 2324 cotidianum
959 2285 1112 2337 sermonem
1125 2286 1225 2325 assur-

142 2340 146 2345 '
171 2356 240 2408 gens
257 2343 343 2393 oratio
360 2343 395 2392 ab
412 2340 544 2394 universa
561 2342 641 2391 huius
658 2340 713 2392 ioci
724 2342 814 2392 indole
829 2343 919 2394 aliena
934 2350 981 2392 aut
994 2355 1012 2393 a
1026 2344 1144 2395 falsario
1158 2353 1226 2411 pro-

138 2408 145 2413 '
171 2415 247 2464 tecta
273 2411 388 2462 iudicari
412 2410 536 2461 debehat.
570 2412 718 2462 Abundans
742 2424 811 2464 vero
835 2415 901 2476 lion,
928 2413 998 2475 quod
1021 2413 1104 2476 plane
1127 2408 1227 2466 contra

172 2483 314 2545 vulgarem
339 2477 557 2531 consuetudinem
581 2480 627 2530 isti
645 2480 799 2543 iaciebant,
822 2488 853 2530 ut
871 2479 1004 2531 saevienti
1019 2478 1108 2533 vento
1121 2486 1154 2533 s'e
1171 2495 1225 2537 aon

139 2614 142 2619 Ι
172 2547 370 2610 subducerent,
396 2549 445 2599 sed
462 2550 573 2612 darent,
597 2550 714 2599 omnium
730 2550 839 2600 minime
852 2548 969 2601 videtur.

204 2619 332 2679 relictae]
357 2618 394 2669 V.
418 2614 449 2669 G.
469 2618 533 2669 Vre.
558 2617 587 2668 iu
612 2620 674 2668 Not.
700 2618 773 2669 Gott.
792 2625 820 2666 et
836 2629 854 2668 a
870 2630 906 2667 ιιι.
921 2629 977 2667 sec.
995 2618 1056 2669 Pet.
1080 2618 1136 2681 (sic
1154 2619 1225 2671 oud.

140 2690 205 2753 ''ln
224 2689 347 2752 margine
373 2701 416 2738 ex.
433 2682 516 2737 saer.
533 2688 660 2751 leguntur
677 2688 761 2756 haec,
782 2699 851 2750 qnae
867 2698 920 2736 non
939 2685 1009 2737 satie
1028 2688 1167 2753 intelligo:
1189 2716 1226 2727 -

77 2768 82 2776 '
137 2820 141 2827 ,
169 2760 291 2823 relictae
314 2757 378 2809 Pet.
405 2769 424 2807 a
448 2769 537 2809 menn
559 2756 687 2807 secunde
710 2756 744 2808 G.
769 2754 897 2816 diserte)
929 2757 1011 2808 voss.
1035 2756 1089 2807 ΒΟ.
1113 2759 1163 2808 Dr.
1187 2761 1224 2810 Δ.

168 2829 253 2879 vind.
270 2827 326 2876 ilii.
344 2826 424 2876 (ioth.
441 2826 476 2874 Α.
500 2824 546 2876 ret
558 2825 681 2878 relictae
696 2827 780 2890 Boug.
793 2827 829 2875 A.
842 2826 926 2876 Voss.
940 2825 975 2874 A.
991 2825 1069 2878 Leid.
1080 2825 1138 2879 AG.
1153 2828 1225 2878 Lon.

169 2901 246 2960 ilgrn
262 2886 344 2948 Vrat.
362 2894 418 2946 ΑΒ.
437 2894 489 2944 lin.
507 2896 603 2946 liunt.
620 2893 674 2944 inc.
705 2895 862 2947 derelictae
879 2892 977 2958 reliqui
998 2895 1062 2945 itini
1079 2894 1177 2959 scripti
1195 2905 1226 2946 et

169 2958 253 3026 editi}
285 2966 355 3029 quod
377 2976 412 3012 ex
435 2963 510 3027 etue,
542 2975 622 3027 quam
647 2966 765 3015 secundo
793 2965 855 3015 loco
881 2964 1036 3028 posuimus,
1064 2964 1227 3028 scripturae

169 3035 372 3096 emendatione,
403 3033 553 3082 secundam
576 3040 668 3083 autem
697 3047 732 3083 ex
762 3032 867 3095 primae
892 3032 1063 3095 corruptione
1091 3034 1225 3086 extitisse

138 3106 142 3113 '
168 3108 242 3168 puto.
278 3101 407 3151 iieinsius
426 3102 453 3151 et
473 3101 540 3151 (iud.
565 3100 693 3152 reiectae
711 3114 729 3152 a
746 3101 866 3153 caesare
884 3103 1017 3162 scripturn
1034 3103 1224 3171 coniecerunt,
1248 3138 1252 3140 -

170 3174 234 3235 quia
258 3173 430 3221 relictarum
446 3168 481 3219 ab
496 3171 581 3222 uesta
597 3171 707 3222 navium
726 3170 891 3235 significatio
908 3170 962 3222 iam
979 3173 1056 3223 tacta
1073 3172 1110 3221 sit
1128 3175 1224 3225 verbis

167 3241 200 3292 in
223 3240 307 3291 endis
329 3239 533 3290 consisterent.
569 3240 622 3289 Sed
646 3241 716 3302 quod
741 3253 759 3290 a
782 3242 862 3291 vadis
882 3240 1053 3303 impendebat
1069 3241 1225 3302 perieulum

168 3310 337 3373 eversionis,
360 3310 394 3359 ab
418 3320 451 3359 eo
474 3307 540 3358 iliae
556 3308 663 3361 omuino
681 3307 837 3360 carinarum
853 3310 1005 3370 pleniorum
1027 3311 1160 3363 beneflcio
1177 3314 1224 3362 tu-

168 3382 215 3431 tee
241 3384 337 3440 erant,
365 3376 538 3436 naufragium
562 3384 670 3441 autem,
698 3378 769 3441 quod
792 3389 811 3428 e
834 3379 909 3428 saxis
927 3385 955 3427 et
972 3380 1099 3429 cautibus
1124 3385 1223 3431 aestus

169 3457 290 3511 tempore
315 3454 343 3494 ec
366 3446 506 3496 saeviente
531 3454 613 3496 vento
637 3444 758 3496 omnious
784 3447 900 3497 anavibus
916 3447 1062 3496 timendum
1081 3452 1159 3514 erat,
1187 3452 1223 3501 ab

170 3526 249 3569 aestu
271 3516 385 3565 relictae
410 3516 459 3564 irae
483 3513 605 3579 quidem,
636 3522 729 3576 utpote
753 3523 826 3566 totae
847 3527 883 3563 er
905 3517 1001 3565 robore
1017 3517 1128 3581 tactae,
1155 3518 1222 3568 nillil

169 3586 314 3645 timebant,
341 3585 522 3633 Romanorum
539 3593 607 3632 vero
624 3595 711 3633 neves
728 3583 810 3633 nihilo
827 3585 916 3632 minus
931 3585 1028 3636 timere
1044 3587 1221 3649 cogebantur.

130 3708 156 3753 ἢ
201 3652 1048 3800 {argngfflseceesnffloessgzseiigtramnwshivmucnm
1064 3721 1095 3775 in
1111 3725 1176 3776 iiot.
1193 3728 1222 3776 et

186 3908 215 3971 s.
237 3911 265 3959 a.
317 3909 504 3969 tempestatem
533 3907 653 3966 terrent]
696 3904 755 3972 isit,
782 3908 859 3970 qnod
880 3908 973 3961 minae
992 3909 1115 3975 linctum
1134 3913 1221 3979 ferre

131 3982 249 4032 Praeter
269 3976 357 4027 Taciti
376 3979 466 4028 iocum
491 3976 519 4026 iu
539 3980 601 4028 adn.
619 3977 655 4044 ad
694 3975 799 4045 potati.

133 4050 194 4110 Sal
220 4048 334 4098 citatum
353 4047 390 4096 ci.
411 4044 468 4096 Cio.
488 4047 546 4096 ΑΒ.
567 4044 601 4113 5,
619 4047 654 4096 12

135 4115 212 4173 notit
236 4109 367 4185 ἄφρακτα
386 4113 586 4168 nautarum:
607 4113 657 4176 rti-
749 4110 831 4176 nihil]
855 4111 899 4166 ct.
913 4113 976 4166 adii.
993 4114 1030 4168 ed
1044 4115 1079 4183 2,
1096 4116 1134 4168 20
1150 4115 1178 4178 S.
1194 4111 1223 4167 4.
