2572 4688
119 298 188 371 los
381 291 454 364 DE
478 286 662 364 BELLO
692 286 943 364 eunuco

121 483 240 554 (lentes
254 480 392 571 vinsequi
409 480 590 565 auderent,
614 480 750 550 inierim
763 480 912 569 legiones
928 496 1007 563 ser,
1034 495 1122 566 queo
1135 470 1210 565 pri-

122 594 197 641 mae
218 579 394 652 venerunt,
416 594 520 660 opere
545 571 695 638 dimenso
716 577 831 637 oestro
850 568 982 635 munire
1008 568 1209 656 eoeperunt.

78 649 102 720 ὅ
121 661 192 729 Vbi
217 661 326 749 primu
352 660 579 747 inpedimenta
601 656 712 725 nostri
732 657 900 724 exereitus
920 655 963 721 ele
982 653 1057 733 his,
1088 651 1152 739 qui
1172 651 1210 716 in

121 747 218 815 silvis
238 745 347 812 abditi
369 747 536 829 latebunt,
563 746 636 813 visa
659 750 756 826 suut,
782 743 873 832 quod
893 750 1028 832 tempus
1041 740 1133 806 iuter
1147 746 1209 804 eo's

77 832 83 855 ¹
119 832 351 903 oommittendi
363 834 484 924 proelii
498 841 719 915 convenerat,
734 832 802 910 ite,
823 839 863 897 ut
873 829 964 897 intre
978 828 1083 896 silvas
1098 827 1209 892 eciem

120 922 324 1009 ordinesque
341 923 589 990 constituerent
608 928 709 1009 etque
728 919 797 1009 ipsi
817 939 893 985 sese
915 917 1210 997 confirmaverunt,

120 1009 235 1078 subite
258 1008 412 1077 omnihus
434 1009 543 1102 eopiis
563 1011 823 1100 provolaverunt
838 1007 1069 1096 impetumque
1088 1004 1126 1070 in
1145 1024 1209 1072 uo-

17 1208 22 1239 ·
189 1200 217 1264 S.
235 1199 262 1254 1.
283 1247 285 1251 .
301 1199 423 1266 legiones
440 1215 506 1268 sex,
529 1216 601 1269 quoe
616 1200 720 1266 primes
737 1200 883 1262 renerent]
904 1194 1032 1264 iepiooes
1044 1207 1119 1262 qttee
1134 1197 1209 1248 anie

154 1272 301 1324 uenerant
322 1271 430 1321 codices
451 1271 564 1342 Vrsini,
593 1274 670 1325 Leie.
693 1273 728 1322 A.
745 1271 828 1322 Vini.
852 1273 886 1319 A.
910 1278 980 1330 quae
1003 1266 1166 1338 scripture,
1181 1265 1209 1316 si

57 1384 60 1399 .
156 1342 226 1393 anie
240 1341 326 1404 (quoii
341 1339 424 1391 etiem
440 1339 491 1391 (iu.
508 1355 557 1405 pro
571 1343 686 1409 primae
702 1341 823 1400 exhibet)
840 1339 876 1389 eu
897 1335 1108 1403 inpedimenta,
1135 1347 1208 1399 quo-

155 1421 216 1461 rum
239 1409 268 1459 lu
285 1408 413 1472 proximis
430 1411 529 1462 mentio
547 1412 595 1478 tit,
619 1410 720 1462 referri
737 1417 765 1458 et
782 1419 830 1472 pro
848 1409 917 1458 ante
933 1406 1038 1457 ductae
1055 1406 1101 1453 vel
1117 1404 1207 1455 ente-

155 1479 291 1530 eedentes
308 1478 395 1540 eecipi
407 1477 507 1543 lieeet,
531 1481 643 1544 abipso
661 1478 782 1530 Caesare
798 1475 874 1539 prius
894 1475 998 1542 posite,
1024 1472 1119 1523 deinde
1139 1485 1207 1536 pro-

155 1555 218 1610 pter
240 1547 351 1598 nimiam
377 1548 538 1599 brevitatem
563 1553 592 1601 et
617 1546 815 1600 insolentiorem
833 1542 957 1596 adverbii
980 1541 1207 1607 significationem

154 1617 185 1668 ln
203 1617 343 1680 vulgatum
359 1624 463 1668 mutata
478 1615 568 1668 videri
583 1617 680 1682 possit.
714 1617 832 1677 Recepto
850 1614 922 1664 enim
937 1611 1061 1663 adverbii
1072 1609 1102 1661 ln
1115 1612 1207 1662 loeunr

155 1684 292 1737 suiectivo
302 1684 420 1751 -primee
435 1699 575 1737 numerum
595 1687 745 1751 legionum,
769 1696 845 1748 quem
865 1682 939 1746 prior
954 1681 1091 1743 scripture
1106 1692 1158 1741 per
1174 1692 1207 1729 se

154 1762 359 1807 monstraverat
374 1757 452 1814 (num
468 1758 532 1807 ente
547 1755 735 1817 impedimento
752 1765 802 1802 sex
815 1752 937 1817 legiones
954 1751 1010 1800 isse
1026 1747 1053 1810 S.
1068 1753 1085 1800 2
1103 1750 1208 1800 dietum

153 1827 212 1882 est)
236 1822 373 1875 declarari
398 1836 512 1874 neeesse
537 1826 612 1891 eret,
642 1838 677 1874 ne
692 1821 814 1889 legiones
831 1835 886 1872 non
904 1833 996 1872 omnes
1013 1830 1063 1868 sex
1080 1832 1135 1870 una
1153 1832 1208 1868 ve-

155 1892 249 1957 nisse,
272 1894 321 1942 sed
337 1900 367 1943 ut
383 1905 506 1957 quaeque
522 1894 611 1961 prime
630 1891 769 1960 venisset,
792 1899 887 1943 eostre
897 1889 1003 1941 munire
1018 1887 1142 1953 coepisse
1159 1887 1208 1939 vi-

155 1962 294 2012 tlereutur.

191 2028 219 2088 S.
232 2027 257 2079 5.
291 2027 344 2088 ite]
370 2038 422 2079 om.
435 2027 519 2079 Voss.
536 2029 569 2080 A.
584 2030 642 2081 Ort.
658 2030 730 2080 Dav.
749 2025 790 2080 cl.
807 2034 870 2091 post
886 2026 1004 2080 ordines
1023 2038 1060 2080 tte
1071 2026 1104 2077 Ν.
1116 2026 1205 2078 Voss.

156 2095 284 2163 (ilorliii,
309 2098 392 2160 Bong.
415 2098 474 2148 AB.
495 2099 553 2148 Pet.
575 2101 651 2163 Egon.
676 2100 748 2149 Gott.
772 2099 841 2149 Lon.
858 2096 939 2147 *heim
958 2097 989 2147 c.
1005 2039 1053 2147 gr.
1072 2098 1106 2146 A.
1122 2095 1206 2148 Vret.

155 2167 213 2219 Ae.
227 2165 329 2216 ilenti).
347 2167 430 2215 lionn.
448 2167 501 2216 iiiu.
517 2167 597 2217 Vintl.
614 2170 645 2217 B.
659 2166 712 2217 ino.
736 2165 820 2216 Cuius
838 2166 940 2216 erroris
953 2177 1039 2225 ceusu
1052 2167 1118 2214 lteee
1132 2165 1205 2216 iuis-

155 2247 189 2286 se
205 2232 329 2301 videtur,
353 2235 423 2298 quod
440 2235 469 2285 in
485 2236 635 2299 antiquiore
651 2235 800 2296 exemplari
817 2235 906 2286 italo
923 2235 976 2285 flue
990 2236 1035 2284 vel
1048 2232 1124 2285 initio
1137 2248 1205 2303 ver·

155 2315 205 2354 sus
223 2303 324 2364 prieris
341 2304 382 2352 sio
399 2304 515 2366 positum
538 2313 628 2366 esset,
660 2313 689 2358 ut
707 2306 741 2356 ad
759 2304 915 2366 posterioris
933 2305 1013 2355 finem
1032 2306 1080 2354 vel
1097 2304 1204 2354 initium

155 2374 300 2435 vergeret-
334 2373 402 2422 Nem
424 2373 514 2423 omitti
534 2386 552 2426 e
573 2373 707 2436 scriptore
729 2374 774 2426 iia
796 2374 855 2424 siue
879 2385 975 2438 magno
998 2373 1203 2438 perspicuitatis

155 2440 315 2492 detrimento
331 2453 385 2490 uon
401 2441 494 2502 potuit.
956 2458 959 2466 ·

66 2542 74 2549 -
192 2509 293 2570 silves]
324 2507 427 2576 „MSS
451 2512 544 2572 plures
565 2519 593 2559 et
613 2508 740 2562 meliores
749 2504 768 2540 “
792 2516 861 2571 (seo.
885 2523 929 2562 ex.
951 2510 1032 2561 naor.
1066 2510 1151 2563 conii.
1175 2520 1204 2563 et

156 2576 266 2628 Pliischt
283 2580 367 2643 Beng.
386 2578 466 2629 ABG.
483 2581 541 2630 Pet.
560 2581 619 2630 Pel.
633 2580 716 2632 Voss.
734 2582 768 2630 A.
786 2582 877 2646 Egin.)
894 2576 957 2630 item
977 2580 1048 2631 lieu.
1062 2583 1095 2631 Α.
1108 2583 1137 2631 iti
1151 2581 1205 2632 mel

156 2652 258 2698 tentum
276 2660 331 2698 non
343 2660 436 2699 omues
453 2657 479 2698 et
496 2649 548 2698 inc.
564 2649 653 2709 steph.
671 2651 719 2699 Gr.
736 2651 762 2700 b.
776 2651 855 2700 'lun-r.
877 2649 981 2701 siriam
996 2651 1079 2703 Viuel.
1092 2650 1125 2702 D.
1141 2663 1204 2703 enm

155 2717 350 2782 reliquissem
368 2718 465 2770 Oui-1
483 2719 542 2769 edd.
559 2718 630 2782 quod
647 2719 714 2770 Oud.
730 2723 747 2769 2
764 2730 907 2784 perperam
922 2719 1055 2784 repetiit.'

121 2897 274 2956 existimari
291 2907 406 2973 debeat,
429 2917 482 2970 qua
494 2912 640 2956 consuetu·
679 2907 820 2972 porrecte
840 2907 927 2972 etque
940 2908 1047 2972 operte
1058 2904 1142 2972 lixit,
1166 2919 1202 2959 eo

123 2973 186 3024 uino
196 2978 292 3036 poetae
304 2985 332 3026 et
342 2976 508 3026 recentiores
521 2975 639 3039 scripto·
682 2978 715 3026 ue
734 2989 820 3026 sousa
838 2979 938 3027 iactum
960 2977 1085 3044 videtur,
1116 2985 1147 3025 ut
1166 2988 1201 3025 eo

122 3053 170 3090 res
182 3045 293 3103 muitum
306 3053 432 3109 utuntur,
448 3047 536 3108 piene
550 3052 578 3093 et
590 3058 640 3094 so·
682 3047 784 3096 certius
797 3058 848 3095 nou
863 3047 948 3094 solum
964 3050 1012 3109 per
1029 3047 1117 3096 iilum.
1127 3046 1202 3096 inter

123 3108 326 3174 inetiugenus
338 3115 403 3178 elie,
416 3114 555 3164 sedetiam
568 3126 640 3177 pre-
682 3117 779 3164 flumen
798 3124 825 3164 et
844 3115 961 3164 intimum
980 3115 1077 3163 coliem
1102 3126 1202 3175 porre-

123 3177 218 3245 fnmde
251 3191 434 3245 conopoeum,
475 3184 640 3246 praeruptu
683 3183 1201 3251 etumetqueeperturnloeum,oeque

122 3248 239 3297 collium
283 3253 436 3313 (porrecto
473 3264 640 3314 camporum
681 3253 1036 3315 e.188.3seriptsmest‚
1054 3252 1200 3304 sedetiam

122 3316 257 3369 Minucius
272 3319 349 3369 Felix
361 3319 472 3370 Octavii
486 3335 508 3369 o.
519 3324 550 3371 17
565 3322 590 3380 9.
606 3323 637 3370 11
682 3336 731 3382 per
749 3322 902 3371 inferiorem
924 3323 1003 3376 collis
1022 3320 1112 3380 ipsius
1130 3333 1200 3384 par-

122 3387 229 3447 posuit)
253 3387 388 3449 dieentes,
423 3390 456 3438 de
484 3390 579 3450 quibus
602 3391 638 3437 ei.
681 3394 734 3440 tem
749 3391 809 3439 item
824 3399 944 3451 opertum
959 3392 986 3440 et
999 3392 1132 3451 usquead
1145 3391 1199 3439 sil-

120 3452 301 3506 Bnddimenui
320 3455 506 3507 Institutioues
525 3470 638 3522 gramm.
681 3474 732 3512 vas
759 3460 863 3522 insequi
891 3470 973 3510 erosos
1000 3471 1064 3510 esse
1091 3460 1200 3524 equites

74 3548 78 3565 ·
97 3525 102 3537 “
121 3523 183 3573 Lat.
197 3529 228 3589 2,
253 3539 277 3585 p.
291 3524 324 3573 65
348 3529 389 3575 ed.
408 3527 503 3576 Stellio.
545 3527 638 3588 Neque
681 3542 745 3580 seros
760 3530 960 3579 testificaretur.

120 3590 235 3642 (lassari
248 3593 364 3654 pisneio
375 3595 545 3645 inusitatum:
562 3594 588 3659 7,
603 3595 639 3647 88
732 3597 759 3656 S.
773 3597 798 3647 5.
839 3602 920 3660 etque
940 3597 992 3656 ipsi
1012 3607 1073 3645 sese
1095 3595 1198 3647 contir-

121 3662 157 3715 vt
169 3661 204 3711 de
215 3662 286 3712 locis
298 3663 494 3725 sesquitertius
507 3665 577 3715 leaeo
586 3667 637 3716 eie·
679 3669 835 3728 mererent]
860 3669 918 3716 lloe
938 3670 972 3717 uei
992 3665 1106 3714 eundem
1121 3665 1201 3716 ordi·

119 3729 208 3780 elioia
225 3733 254 3780 et
274 3731 385 3783 deuenit
404 3735 596 3784 cernerentur
609 3737 638 3785 et
678 3748 740 3785 uem
755 3735 830 3784 iilum
842 3730 942 3798 'proelii
961 3732 1092 3800 pertinet,
1117 3746 1200 3798 quem

120 3797 181 3848 civ.
196 3801 231 3865 3,
248 3801 299 3851 105
317 3801 348 3850 in
361 3803 479 3853 occultis
492 3818 527 3854 ue
539 3815 636 3854 nerito·
678 3803 750 3853 intro
761 3806 849 3854 silves
858 3805 1061 3866 constituerent,
1074 3803 1108 3852 ed
1118 3816 1202 3866 quem

119 3867 159 3918 tis
174 3868 273 3931 tempii
291 3872 418 3938 scripsit,
443 3881 522 3933 utque
541 3874 635 3924 eodem
676 3872 705 3923 in
719 3874 913 3935 prorumpendo
925 3872 1126 3923 observandum
1136 3885 1200 3921 mu-

115 3937 251 3998 pertiuent
265 3939 329 4002 illu,
352 3943 460 4002 quaein
473 3943 534 3992 tun.
548 3943 641 4003 prime,
677 3942 731 3992 tuis
750 3954 812 3991 sese
831 3940 1062 3994 adhortationibus
1075 3941 1199 3991 ioitesse

115 4006 152 4057 etl
176 4018 200 4055 c.
221 4007 254 4058 18
281 4010 395 4061 ostendi.
442 4012 518 4070 Quod
543 4018 633 4063 autern
676 4023 736 4060 oum
759 4011 932 4063 iureiurunilo
956 4010 1197 4064 confirmaverant.

114 4078 256 4136 porrecta
272 4089 308 4127 ee
325 4079 389 4129 loeo
406 4082 513 4144 operte
533 4080 632 4146 potius,
675 4079 718 4130 ci.
738 4080 798 4132 (liv.
819 4085 853 4146 2,
870 4078 904 4131 t:
926 4093 959 4133 se
980 4081 1019 4132 eii
1037 4078 1198 4147 0011111911-

113 4155 194 4208 quen
215 4145 312 4198 iterum
339 4147 440 4202 omisso
459 4148 647 4203 suosteotivo.
674 4147 850 4204 dommine
862 4148 1046 4218 conpensant.

206 4406 217 4433 1
