<?xml version="1.0" encoding="UTF-8"?>
<!DOCTYPE html PUBLIC "-//W3C//DTD XHTML 1.0 Transitional//EN"
    "http://www.w3.org/TR/xhtml1/DTD/xhtml1-transitional.dtd">
<html xmlns="http://www.w3.org/1999/xhtml" xml:lang="en" lang="en">
 <head>
  <title>
</title>
<meta http-equiv="Content-Type" content="text/html;charset=utf-8" />
  <meta name='ocr-system' content='tesseract 3.04.00' />
  <meta name='ocr-capabilities' content='ocr_page ocr_carea ocr_par ocr_line ocrx_word'/>
</head>
<body>
  <div class='ocr_page' id='page_1' title='image "./commentariidebe01schngoog_0024.png"; bbox 0 0 2572 4688; ppageno 0'>
   <div class='ocr_carea' id='block_1_1' title="bbox 377 233 1144 345">
    <p class='ocr_par' dir='ltr' id='par_1_1' title="bbox 377 233 1144 345">
     <span class='ocr_line' id='line_1_1' title="bbox 377 233 1144 345; baseline -0.005 1"><span class='ocrx_word' id='word_1_1' title='bbox 377 252 381 258; x_wconf 84' lang='grc'><strong>’</strong></span> <span class='ocrx_word' id='word_1_2' title='bbox 427 264 776 345; x_wconf 74' lang='lat' dir='ltr'><strong>enarrarre.</strong></span> <span class='ocrx_word' id='word_1_3' title='bbox 980 233 997 296; x_wconf 64' lang='lat'><em>⁴</em></span> <span class='ocrx_word' id='word_1_4' title='bbox 1097 291 1144 342; x_wconf 71' lang='lat' dir='ltr'><strong>xv</strong></span> 
     </span>
    </p>
   </div>
   <div class='ocr_carea' id='block_1_2' title="bbox 17 455 1239 4207">
    <p class='ocr_par' dir='ltr' id='par_1_2' title="bbox 10 455 1239 4207">
     <span class='ocr_line' id='line_1_2' title="bbox 47 455 1146 558; baseline -0.008 -20"><span class='ocrx_word' id='word_1_5' title='bbox 47 467 234 558; x_wconf 88' lang='lat' dir='ltr'><strong>apopulo,</strong></span> <span class='ocrx_word' id='word_1_6' title='bbox 255 471 296 534; x_wconf 90' lang='lat' dir='ltr'><strong>ut</strong></span> <span class='ocrx_word' id='word_1_7' title='bbox 311 488 384 536; x_wconf 89' lang='lat' dir='ltr'><strong>mos</strong></span> <span class='ocrx_word' id='word_1_8' title='bbox 399 464 566 534; x_wconf 82' lang='lat' dir='ltr'><strong>maiorum</strong></span> <span class='ocrx_word' id='word_1_9' title='bbox 578 461 794 556; x_wconf 86' lang='lat' dir='ltr'><strong>postulabat,</strong></span> <span class='ocrx_word' id='word_1_10' title='bbox 815 455 905 542; x_wconf 86' lang='lat' dir='ltr'><strong>dati,</strong></span> <span class='ocrx_word' id='word_1_11' title='bbox 926 457 988 530; x_wconf 89' lang='lat' dir='ltr'><strong>sed</strong></span> <span class='ocrx_word' id='word_1_12' title='bbox 1007 484 1027 531; x_wconf 91' lang='lat' dir='ltr'><strong>a</strong></span> <span class='ocrx_word' id='word_1_13' title='bbox 1044 482 1146 554; x_wconf 77' lang='lat' dir='ltr'><strong>prac-</strong></span> 
     </span>
     <span class='ocr_line' id='line_1_3' title="bbox 46 564 1144 659; baseline -0.005 -19"><span class='ocrx_word' id='word_1_14' title='bbox 46 582 128 640; x_wconf 90' lang='lat' dir='ltr'><strong>tere</strong></span> <span class='ocrx_word' id='word_1_15' title='bbox 150 577 246 639; x_wconf 87' lang='lat' dir='ltr'><strong>sorte</strong></span> <span class='ocrx_word' id='word_1_16' title='bbox 265 570 360 639; x_wconf 87' lang='lat' dir='ltr'><strong>ducti</strong></span> <span class='ocrx_word' id='word_1_17' title='bbox 382 577 463 640; x_wconf 90' lang='lat' dir='ltr'><strong>sunt</strong></span> <span class='ocrx_word' id='word_1_18' title='bbox 482 567 610 640; x_wconf 81' lang='lat' dir='ltr'><strong>Caesar</strong></span> <span class='ocrx_word' id='word_1_19' title='bbox 629 570 703 659; x_wconf 89' lang='lat' dir='ltr'><strong>ipse</strong></span> <span class='ocrx_word' id='word_1_20' title='bbox 723 575 759 635; x_wconf 88' lang='lat' dir='ltr'><strong>et</strong></span> <span class='ocrx_word' id='word_1_21' title='bbox 771 565 814 636; x_wconf 90' lang='lat' dir='ltr'><strong>L.</strong></span> <span class='ocrx_word' id='word_1_22' title='bbox 831 564 971 639; x_wconf 78' lang='lat' dir='ltr'><strong>Cacsar.</strong></span> <span class='ocrx_word' id='word_1_23' title='bbox 1015 565 1075 634; x_wconf 87' lang='lat' dir='ltr'><strong>Ab</strong></span> <span class='ocrx_word' id='word_1_24' title='bbox 1089 566 1144 634; x_wconf 88' lang='lat' dir='ltr'><strong>bis</strong></span> 
     </span>
     <span class='ocr_line' id='line_1_4' title="bbox 47 670 1147 765; baseline -0.006 -20"><span class='ocrx_word' id='word_1_25' title='bbox 47 672 172 745; x_wconf 84' lang='lat' dir='ltr'><strong>statim</strong></span> <span class='ocrx_word' id='word_1_26' title='bbox 192 675 372 743; x_wconf 86' lang='lat' dir='ltr'><strong>damnatus</strong></span> <span class='ocrx_word' id='word_1_27' title='bbox 397 673 559 742; x_wconf 78' lang='lat' dir='ltr'><strong>Rabirius</strong></span> <span class='ocrx_word' id='word_1_28' title='bbox 580 670 624 739; x_wconf 91' lang='lat' dir='ltr'><strong>ad</strong></span> <span class='ocrx_word' id='word_1_29' title='bbox 644 675 807 765; x_wconf 89' lang='lat' dir='ltr'><strong>populum</strong></span> <span class='ocrx_word' id='word_1_30' title='bbox 829 672 1025 760; x_wconf 74' lang='lat' dir='ltr'><strong>prouocauit</strong></span> <span class='ocrx_word' id='word_1_31' title='bbox 1038 672 1147 760; x_wconf 89' lang='lat' dir='ltr'><strong>impe-</strong></span> 
     </span>
     <span class='ocr_line' id='line_1_5' title="bbox 49 774 1148 870; baseline -0.007 -21"><span class='ocrx_word' id='word_1_32' title='bbox 49 783 228 870; x_wconf 83' lang='lat' dir='ltr'><strong>travitque</strong></span> <span class='ocrx_word' id='word_1_33' title='bbox 249 801 313 870; x_wconf 90' lang='lat' dir='ltr'><strong>per</strong></span> <span class='ocrx_word' id='word_1_34' title='bbox 332 779 548 858; x_wconf 81' lang='lat' dir='ltr'><strong>Ciceronem,</strong></span> <span class='ocrx_word' id='word_1_35' title='bbox 576 783 617 845; x_wconf 88' lang='lat' dir='ltr'><strong>ut</strong></span> <span class='ocrx_word' id='word_1_36' title='bbox 638 776 772 846; x_wconf 89' lang='lat' dir='ltr'><strong>sublata</strong></span> <span class='ocrx_word' id='word_1_37' title='bbox 787 774 999 843; x_wconf 88' lang='lat' dir='ltr'><strong>duumvirum</strong></span> <span class='ocrx_word' id='word_1_38' title='bbox 1013 782 1148 843; x_wconf 86' lang='lat' dir='ltr'><strong>senten-</strong></span> 
     </span>
     <span class='ocr_line' id='line_1_6' title="bbox 36 868 1239 974; baseline -0.005 -22"><span class='ocrx_word' id='word_1_39' title='bbox 36 887 125 967; x_wconf 86' lang='lat' dir='ltr'><strong>tia,</strong></span> <span class='ocrx_word' id='word_1_40' title='bbox 151 901 239 974; x_wconf 82' lang='lat' dir='ltr'><strong>quac</strong></span> <span class='ocrx_word' id='word_1_41' title='bbox 259 883 449 970; x_wconf 88' lang='lat' dir='ltr'><strong>antiquitus</strong></span> <span class='ocrx_word' id='word_1_42' title='bbox 465 889 661 970; x_wconf 80' lang='lat' dir='ltr'><strong>usurpatam</strong></span> <span class='ocrx_word' id='word_1_43' title='bbox 678 868 921 972; x_wconf 89' lang='lat' dir='ltr'><strong>perduellionis</strong></span> <span class='ocrx_word' id='word_1_44' title='bbox 937 872 1075 967; x_wconf 80' lang='lat' dir='ltr'><strong>poenam</strong></span> <span class='ocrx_word' id='word_1_45' title='bbox 1091 901 1148 946; x_wconf 89' lang='lat' dir='ltr'><strong>ca·</strong></span> <span class='ocrx_word' id='word_1_46' title='bbox 1236 895 1239 901; x_wconf 90' lang='grc'><strong>’</strong></span> 
     </span>
     <span class='ocr_line' id='line_1_7' title="bbox 50 983 1148 1078; baseline -0.003 -25"><span class='ocrx_word' id='word_1_47' title='bbox 50 988 198 1078; x_wconf 82' lang='lat' dir='ltr'><strong>pitalcm</strong></span> <span class='ocrx_word' id='word_1_48' title='bbox 223 987 451 1074; x_wconf 78' lang='lat' dir='ltr'><strong>irrogaverat,</strong></span> <span class='ocrx_word' id='word_1_49' title='bbox 486 984 528 1052; x_wconf 91' lang='lat' dir='ltr'><strong>de</strong></span> <span class='ocrx_word' id='word_1_50' title='bbox 553 987 660 1052; x_wconf 86' lang='lat' dir='ltr'><strong>multa</strong></span> <span class='ocrx_word' id='word_1_51' title='bbox 682 986 849 1074; x_wconf 84' lang='lat' dir='ltr'><strong>exilioque</strong></span> <span class='ocrx_word' id='word_1_52' title='bbox 872 983 962 1075; x_wconf 88' lang='lat' dir='ltr'><strong>apud</strong></span> <span class='ocrx_word' id='word_1_53' title='bbox 984 985 1148 1074; x_wconf 88' lang='lat' dir='ltr'><strong>populum</strong></span> 
     </span>
     <span class='ocr_line' id='line_1_8' title="bbox 52 1078 1150 1175; baseline -0.005 -16"><span class='ocrx_word' id='word_1_54' title='bbox 52 1078 289 1161; x_wconf 83' lang='lat' dir='ltr'><strong>contenderet.</strong></span> <span class='ocrx_word' id='word_1_55' title='bbox 331 1090 385 1158; x_wconf 91' lang='lat' dir='ltr'><strong>lbi</strong></span> <span class='ocrx_word' id='word_1_56' title='bbox 405 1088 564 1156; x_wconf 86' lang='lat' dir='ltr'><strong>defensus</strong></span> <span class='ocrx_word' id='word_1_57' title='bbox 586 1088 627 1155; x_wconf 91' lang='lat' dir='ltr'><strong>ab</strong></span> <span class='ocrx_word' id='word_1_58' title='bbox 644 1087 828 1157; x_wconf 87' lang='lat' dir='ltr'><strong>Hortensio</strong></span> <span class='ocrx_word' id='word_1_59' title='bbox 845 1096 880 1154; x_wconf 91' lang='lat' dir='ltr'><strong>et</strong></span> <span class='ocrx_word' id='word_1_60' title='bbox 896 1087 938 1154; x_wconf 91' lang='lat' dir='ltr'><strong>ab</strong></span> <span class='ocrx_word' id='word_1_61' title='bbox 953 1089 1032 1175; x_wconf 91' lang='lat' dir='ltr'><strong>ipso</strong></span> <span class='ocrx_word' id='word_1_62' title='bbox 1051 1087 1150 1157; x_wconf 80' lang='lat' dir='ltr'><strong>Cice-</strong></span> 
     </span>
     <span class='ocr_line' id='line_1_9' title="bbox 54 1190 1148 1285; baseline -0.005 -23"><span class='ocrx_word' id='word_1_63' title='bbox 54 1217 159 1278; x_wconf 89' lang='lat' dir='ltr'><strong>rone,</strong></span> <span class='ocrx_word' id='word_1_64' title='bbox 187 1199 286 1263; x_wconf 91' lang='lat' dir='ltr'><strong>cuins</strong></span> <span class='ocrx_word' id='word_1_65' title='bbox 304 1197 414 1261; x_wconf 89' lang='lat' dir='ltr'><strong>oratio</strong></span> <span class='ocrx_word' id='word_1_66' title='bbox 426 1194 554 1285; x_wconf 90' lang='lat' dir='ltr'><strong>partim</strong></span> <span class='ocrx_word' id='word_1_67' title='bbox 570 1200 748 1282; x_wconf 73' lang='lat' dir='ltr'><strong>superest,</strong></span> <span class='ocrx_word' id='word_1_68' title='bbox 774 1201 886 1260; x_wconf 91' lang='lat' dir='ltr'><strong>tamen</strong></span> <span class='ocrx_word' id='word_1_69' title='bbox 906 1190 1148 1259; x_wconf 88' lang='lat' dir='ltr'><strong>condemnatus</strong></span> 
     </span>
     <span class='ocr_line' id='line_1_10' title="bbox 51 1296 1149 1387; baseline -0.004 -22"><span class='ocrx_word' id='word_1_70' title='bbox 51 1306 170 1381; x_wconf 77' lang='lat' dir='ltr'><strong>esset,</strong></span> <span class='ocrx_word' id='word_1_71' title='bbox 191 1298 431 1368; x_wconf 80' lang='lat' dir='ltr'><strong>niui&#39;Metellus</strong></span> <span class='ocrx_word' id='word_1_72' title='bbox 448 1296 565 1379; x_wconf 83' lang='lat' dir='ltr'><strong>Celer,</strong></span> <span class='ocrx_word' id='word_1_73' title='bbox 588 1320 696 1385; x_wconf 84' lang='lat' dir='ltr'><strong>augur</strong></span> <span class='ocrx_word' id='word_1_74' title='bbox 710 1305 745 1364; x_wconf 91' lang='lat' dir='ltr'><strong>et</strong></span> <span class='ocrx_word' id='word_1_75' title='bbox 758 1305 917 1387; x_wconf 83' lang='lat' dir='ltr'><strong>praetor,</strong></span> <span class='ocrx_word' id='word_1_76' title='bbox 937 1319 1013 1364; x_wconf 90' lang='lat' dir='ltr'><strong>cum</strong></span> <span class='ocrx_word' id='word_1_77' title='bbox 1029 1319 1047 1362; x_wconf 92' lang='lat' dir='ltr'><strong>a</strong></span> <span class='ocrx_word' id='word_1_78' title='bbox 1061 1296 1149 1362; x_wconf 90' lang='lat' dir='ltr'><strong>mul-</strong></span> 
     </span>
     <span class='ocr_line' id='line_1_11' title="bbox 17 1387 1150 1495; baseline -0.004 -25"><span class='ocrx_word' id='word_1_79' title='bbox 17 1482 34 1495; x_wconf 26' lang='lat'><em>*</em></span> <span class='ocrx_word' id='word_1_80' title='bbox 55 1401 207 1470; x_wconf 76' lang='lat' dir='ltr'><strong>titudine</strong></span> <span class='ocrx_word' id='word_1_81' title='bbox 225 1387 291 1470; x_wconf 90' lang='lat' dir='ltr'><strong>non</strong></span> <span class='ocrx_word' id='word_1_82' title='bbox 322 1401 515 1485; x_wconf 86' lang='lat' dir='ltr'><strong>audiretur,</strong></span> <span class='ocrx_word' id='word_1_83' title='bbox 547 1404 583 1467; x_wconf 90' lang='lat' dir='ltr'><strong>in</strong></span> <span class='ocrx_word' id='word_1_84' title='bbox 605 1399 793 1468; x_wconf 90' lang='lat' dir='ltr'><strong>Ianiculum</strong></span> <span class='ocrx_word' id='word_1_85' title='bbox 812 1402 1025 1490; x_wconf 86' lang='lat' dir='ltr'><strong>provolasset</strong></span> <span class='ocrx_word' id='word_1_86' title='bbox 1044 1397 1150 1468; x_wconf 86' lang='lat' dir='ltr'><strong>vexil-</strong></span> 
     </span>
     <span class='ocr_line' id='line_1_12' title="bbox 56 1500 1152 1596; baseline -0.005 -23"><span class='ocrx_word' id='word_1_87' title='bbox 56 1507 162 1596; x_wconf 81' lang='lat' dir='ltr'><strong>loque</strong></span> <span class='ocrx_word' id='word_1_88' title='bbox 178 1507 331 1574; x_wconf 85' lang='lat' dir='ltr'><strong>detracto</strong></span> <span class='ocrx_word' id='word_1_89' title='bbox 355 1507 493 1573; x_wconf 85' lang='lat' dir='ltr'><strong>comitia</strong></span> <span class='ocrx_word' id='word_1_90' title='bbox 514 1505 718 1574; x_wconf 84' lang='lat' dir='ltr'><strong>diremisset.</strong></span> <span class='ocrx_word' id='word_1_91' title='bbox 761 1506 933 1573; x_wconf 87' lang='lat' dir='ltr'><strong>Labienus</strong></span> <span class='ocrx_word' id='word_1_92' title='bbox 946 1503 1076 1570; x_wconf 88' lang='lat' dir='ltr'><strong>actione</strong></span> <span class='ocrx_word' id='word_1_93' title='bbox 1090 1500 1152 1568; x_wconf 90' lang='lat' dir='ltr'><strong>do·</strong></span> 
     </span>
     <span class='ocr_line' id='line_1_13' title="bbox 57 1608 1150 1696; baseline -0.005 -18"><span class='ocrx_word' id='word_1_94' title='bbox 57 1613 173 1695; x_wconf 83' lang='lat' dir='ltr'><strong>stitit,</strong></span> <span class='ocrx_word' id='word_1_95' title='bbox 193 1612 356 1679; x_wconf 91' lang='lat' dir='ltr'><strong>Rabirius</strong></span> <span class='ocrx_word' id='word_1_96' title='bbox 372 1613 538 1678; x_wconf 89' lang='lat' dir='ltr'><strong>liberatus</strong></span> <span class='ocrx_word' id='word_1_97' title='bbox 553 1619 620 1678; x_wconf 87' lang='lat' dir='ltr'><strong>est.</strong></span> <span class='ocrx_word' id='word_1_98' title='bbox 663 1608 734 1696; x_wconf 75' lang='lat' dir='ltr'><strong>Qui</strong></span> <span class='ocrx_word' id='word_1_99' title='bbox 748 1611 779 1676; x_wconf 88' lang='lat' dir='ltr'><strong>si</strong></span> <span class='ocrx_word' id='word_1_100' title='bbox 793 1608 963 1676; x_wconf 88' lang='lat' dir='ltr'><strong>occiderat</strong></span> <span class='ocrx_word' id='word_1_101' title='bbox 976 1608 1150 1675; x_wconf 87' lang='lat' dir='ltr'><strong>tribunum</strong></span> 
     </span>
     <span class='ocr_line' id='line_1_14' title="bbox 59 1711 1151 1801; baseline -0.005 -19"><span class='ocrx_word' id='word_1_102' title='bbox 59 1713 302 1797; x_wconf 84' lang='lat' dir='ltr'><strong>Saturninum,</strong></span> <span class='ocrx_word' id='word_1_103' title='bbox 324 1715 420 1780; x_wconf 90' lang='lat' dir='ltr'><strong>cuius</strong></span> <span class='ocrx_word' id='word_1_104' title='bbox 435 1714 537 1779; x_wconf 91' lang='lat' dir='ltr'><strong>etiam</strong></span> <span class='ocrx_word' id='word_1_105' title='bbox 552 1719 655 1801; x_wconf 82' lang='lat' dir='ltr'><strong>caput</strong></span> <span class='ocrx_word' id='word_1_106' title='bbox 669 1735 730 1801; x_wconf 92' lang='lat' dir='ltr'><strong>per</strong></span> <span class='ocrx_word' id='word_1_107' title='bbox 748 1714 897 1780; x_wconf 86' lang='lat' dir='ltr'><strong>convivia</strong></span> <span class='ocrx_word' id='word_1_108' title='bbox 913 1714 946 1779; x_wconf 92' lang='lat' dir='ltr'><strong>in</strong></span> <span class='ocrx_word' id='word_1_109' title='bbox 964 1711 1151 1779; x_wconf 89' lang='lat' dir='ltr'><strong>ludibrium</strong></span> 
     </span>
     <span class='ocr_line' id='line_1_15' title="bbox 60 1816 1158 1904; baseline -0.001 -20"><span class='ocrx_word' id='word_1_110' title='bbox 60 1821 314 1889; x_wconf 75' lang='lat' dir='ltr'><strong>circumtulisse</strong></span> <span class='ocrx_word' id='word_1_111' title='bbox 329 1816 495 1899; x_wconf 89' lang='lat' dir='ltr'><strong>traditur,</strong></span> <span class='ocrx_word' id='word_1_112' title='bbox 514 1819 633 1904; x_wconf 90' lang='lat' dir='ltr'><strong>utique</strong></span> <span class='ocrx_word' id='word_1_113' title='bbox 649 1820 799 1884; x_wconf 86' lang='lat' dir='ltr'><strong>accusari</strong></span> <span class='ocrx_word' id='word_1_114' title='bbox 813 1824 847 1884; x_wconf 89' lang='lat' dir='ltr'><strong>et</strong></span> <span class='ocrx_word' id='word_1_115' title='bbox 861 1817 1076 1884; x_wconf 88' lang='lat' dir='ltr'><strong>condemnari</strong></span> <span class='ocrx_word' id='word_1_116' title='bbox 1091 1817 1158 1903; x_wconf 30' lang='lat' dir='ltr'><strong>bu·-</strong></span> 
     </span>
     <span class='ocr_line' id='line_1_16' title="bbox 60 1919 1176 2012; baseline -0.004 -23"><span class='ocrx_word' id='word_1_117' title='bbox 60 1943 103 1989; x_wconf 89' lang='lat' dir='ltr'><strong>uu</strong></span> <span class='ocrx_word' id='word_1_118' title='bbox 129 1923 206 1989; x_wconf 90' lang='lat' dir='ltr'><strong>iure</strong></span> <span class='ocrx_word' id='word_1_119' title='bbox 229 1925 271 1990; x_wconf 89' lang='lat' dir='ltr'><strong>ab</strong></span> <span class='ocrx_word' id='word_1_120' title='bbox 294 1944 334 1989; x_wconf 90' lang='lat' dir='ltr'><strong>eo</strong></span> <span class='ocrx_word' id='word_1_121' title='bbox 359 1923 489 2012; x_wconf 88' lang='lat' dir='ltr'><strong>potuit,</strong></span> <span class='ocrx_word' id='word_1_122' title='bbox 520 1921 579 2008; x_wconf 92' lang='lat' dir='ltr'><strong>qui</strong></span> <span class='ocrx_word' id='word_1_123' title='bbox 600 1919 716 1988; x_wconf 89' lang='lat' dir='ltr'><strong>Sullae</strong></span> <span class='ocrx_word' id='word_1_124' title='bbox 735 1922 831 1988; x_wconf 91' lang='lat' dir='ltr'><strong>iussu</strong></span> <span class='ocrx_word' id='word_1_125' title='bbox 852 1928 1068 2012; x_wconf 87' lang='lat' dir='ltr'><strong>perpetratas</strong></span> <span class='ocrx_word' id='word_1_126' title='bbox 1081 1921 1176 2012; x_wconf 86' lang='lat' dir='ltr'><strong>pri·.</strong></span> 
     </span>
     <span class='ocr_line' id='line_1_17' title="bbox 58 2024 1157 2116; baseline 0.002 -25"><span class='ocrx_word' id='word_1_127' title='bbox 58 2031 218 2092; x_wconf 82' lang='lat' dir='ltr'><strong>vatorum</strong></span> <span class='ocrx_word' id='word_1_128' title='bbox 234 2028 403 2095; x_wconf 90' lang='lat' dir='ltr'><strong>bominum</strong></span> <span class='ocrx_word' id='word_1_129' title='bbox 419 2026 539 2092; x_wconf 87' lang='lat' dir='ltr'><strong>caedes</strong></span> <span class='ocrx_word' id='word_1_130' title='bbox 554 2024 768 2093; x_wconf 86' lang='lat' dir='ltr'><strong>damnatione</strong></span> <span class='ocrx_word' id='word_1_131' title='bbox 790 2048 924 2108; x_wconf 91' lang='lat' dir='ltr'><strong>eorum,</strong></span> <span class='ocrx_word' id='word_1_132' title='bbox 951 2025 1010 2113; x_wconf 91' lang='lat' dir='ltr'><strong>qui</strong></span> <span class='ocrx_word' id='word_1_133' title='bbox 1031 2045 1157 2116; x_wconf 61' lang='lat' dir='ltr'><strong>perpe-¹</strong></span> 
     </span>
     <span class='ocr_line' id='line_1_18' title="bbox 61 2127 1155 2214; baseline 0.003 -20"><span class='ocrx_word' id='word_1_134' title='bbox 61 2135 255 2214; x_wconf 89' lang='lat' dir='ltr'><strong>traverant,</strong></span> <span class='ocrx_word' id='word_1_135' title='bbox 277 2130 494 2199; x_wconf 79' lang='lat' dir='ltr'><strong>vindicasset.</strong></span> <span class='ocrx_word' id='word_1_136' title='bbox 546 2127 616 2196; x_wconf 88' lang='lat' dir='ltr'><strong>Sed</strong></span> <span class='ocrx_word' id='word_1_137' title='bbox 629 2151 694 2196; x_wconf 94' lang='lat' dir='ltr'><strong>non</strong></span> <span class='ocrx_word' id='word_1_138' title='bbox 710 2130 875 2197; x_wconf 88' lang='lat' dir='ltr'><strong>occidisse</strong></span> <span class='ocrx_word' id='word_1_139' title='bbox 891 2128 1011 2200; x_wconf 84' lang='lat' dir='ltr'><strong>Cicero</strong></span> <span class='ocrx_word' id='word_1_140' title='bbox 1024 2129 1059 2197; x_wconf 93' lang='lat' dir='ltr'><strong>in</strong></span> <span class='ocrx_word' id='word_1_141' title='bbox 1077 2152 1155 2198; x_wconf 89' lang='lat' dir='ltr'><strong>ora-</strong></span> 
     </span>
     <span class='ocr_line' id='line_1_19' title="bbox 61 2232 1154 2323; baseline 0.003 -24"><span class='ocrx_word' id='word_1_142' title='bbox 61 2234 157 2300; x_wconf 88' lang='lat' dir='ltr'><strong>tione</strong></span> <span class='ocrx_word' id='word_1_143' title='bbox 174 2257 236 2323; x_wconf 92' lang='lat' dir='ltr'><strong>pro</strong></span> <span class='ocrx_word' id='word_1_144' title='bbox 248 2235 395 2303; x_wconf 53' lang='lat' dir='ltr'><strong>Rabirio*</strong></span> <span class='ocrx_word' id='word_1_145' title='bbox 406 2232 490 2299; x_wconf 87' lang='lat' dir='ltr'><strong>dicit</strong></span> <span class='ocrx_word' id='word_1_146' title='bbox 512 2234 694 2300; x_wconf 88' lang='lat' dir='ltr'><strong>multorum</strong></span> <span class='ocrx_word' id='word_1_147' title='bbox 713 2235 938 2314; x_wconf 86' lang='lat' dir='ltr'><strong>testimoniis,</strong></span> <span class='ocrx_word' id='word_1_148' title='bbox 966 2232 1154 2302; x_wconf 89' lang='lat' dir='ltr'><strong>Hortensio</strong></span> 
     </span>
     <span class='ocr_line' id='line_1_20' title="bbox 62 2336 1157 2428; baseline 0.005 -26"><span class='ocrx_word' id='word_1_149' title='bbox 62 2338 299 2426; x_wconf 78' lang='lat' dir='ltr'><strong>copiosissime</strong></span> <span class='ocrx_word' id='word_1_150' title='bbox 321 2338 539 2420; x_wconf 76' lang='lat' dir='ltr'><strong>defendente,</strong></span> <span class='ocrx_word' id='word_1_151' title='bbox 562 2339 755 2428; x_wconf 88' lang='lat' dir='ltr'><strong>probatum.</strong></span> <span class='ocrx_word' id='word_1_152' title='bbox 806 2336 927 2425; x_wconf 84' lang='lat' dir='ltr'><strong>Itaque</strong></span> <span class='ocrx_word' id='word_1_153' title='bbox 950 2340 1157 2427; x_wconf 86' lang='lat' dir='ltr'><strong>ambiguum,</strong></span> 
     </span>
     <span class='ocr_line' id='line_1_21' title="bbox 63 2441 1156 2534; baseline 0.005 -28"><span class='ocrx_word' id='word_1_154' title='bbox 63 2464 131 2530; x_wconf 86' lang='lat' dir='ltr'><strong>qua</strong></span> <span class='ocrx_word' id='word_1_155' title='bbox 152 2450 264 2510; x_wconf 85' lang='lat' dir='ltr'><strong>mente</strong></span> <span class='ocrx_word' id='word_1_156' title='bbox 286 2441 414 2512; x_wconf 83' lang='lat' dir='ltr'><strong>Caesar</strong></span> <span class='ocrx_word' id='word_1_157' title='bbox 435 2441 556 2530; x_wconf 87' lang='lat' dir='ltr'><strong>egerit.</strong></span> <span class='ocrx_word' id='word_1_158' title='bbox 604 2441 788 2510; x_wconf 86' lang='lat' dir='ltr'><strong>Praeterea</strong></span> <span class='ocrx_word' id='word_1_159' title='bbox 805 2442 844 2512; x_wconf 78' lang='lat' dir='ltr'><strong>(l.</strong></span> <span class='ocrx_word' id='word_1_160' title='bbox 859 2442 1079 2534; x_wconf 81' lang='lat' dir='ltr'><strong>Calpurnium</strong></span> <span class='ocrx_word' id='word_1_161' title='bbox 1095 2442 1156 2512; x_wconf 88' lang='lat' dir='ltr'><strong>Pi·</strong></span> 
     </span>
     <span class='ocr_line' id='line_1_22' title="bbox 65 2545 1158 2638; baseline 0.004 -25"><span class='ocrx_word' id='word_1_162' title='bbox 65 2568 182 2613; x_wconf 89' lang='lat' dir='ltr'><strong>sonem</strong></span> <span class='ocrx_word' id='word_1_163' title='bbox 201 2548 237 2613; x_wconf 89' lang='lat' dir='ltr'><strong>in</strong></span> <span class='ocrx_word' id='word_1_164' title='bbox 253 2547 379 2614; x_wconf 91' lang='lat' dir='ltr'><strong>iudicio</strong></span> <span class='ocrx_word' id='word_1_165' title='bbox 392 2545 655 2638; x_wconf 91' lang='lat' dir='ltr'><strong>repetundarum</strong></span> <span class='ocrx_word' id='word_1_166' title='bbox 670 2549 876 2638; x_wconf 83' lang='lat' dir='ltr'><strong>oppugnarit</strong></span> <span class='ocrx_word' id='word_1_167' title='bbox 888 2554 1029 2637; x_wconf 91' lang='lat' dir='ltr'><strong>propter</strong></span> <span class='ocrx_word' id='word_1_168' title='bbox 1040 2550 1158 2618; x_wconf 83' lang='lat' dir='ltr'><strong>cuius-</strong></span> 
     </span>
     <span class='ocr_line' id='line_1_23' title="bbox 68 2649 1157 2742; baseline 0.006 -26"><span class='ocrx_word' id='word_1_169' title='bbox 68 2649 145 2716; x_wconf 89' lang='lat' dir='ltr'><strong>dam</strong></span> <span class='ocrx_word' id='word_1_170' title='bbox 167 2649 408 2742; x_wconf 84' lang='lat' dir='ltr'><strong>Transpadani</strong></span> <span class='ocrx_word' id='word_1_171' title='bbox 427 2652 634 2741; x_wconf 89' lang='lat' dir='ltr'><strong>suppliuium</strong></span> <span class='ocrx_word' id='word_1_172' title='bbox 656 2653 842 2721; x_wconf 78' lang='lat' dir='ltr'><strong>iniustum·</strong></span> <span class='ocrx_word' id='word_1_173' title='bbox 877 2651 959 2721; x_wconf 87' lang='lat' dir='ltr'><strong>Piso</strong></span> <span class='ocrx_word' id='word_1_174' title='bbox 975 2657 1157 2722; x_wconf 86' lang='lat' dir='ltr'><strong>consulatu</strong></span> 
     </span>
     <span class='ocr_line' id='line_1_24' title="bbox 68 2754 1157 2828; baseline 0.007 -8"><span class='ocrx_word' id='word_1_175' title='bbox 68 2775 101 2821; x_wconf 89' lang='lat' dir='ltr'><strong>a.</strong></span> <span class='ocrx_word' id='word_1_176' title='bbox 125 2777 159 2823; x_wconf 91' lang='grc' dir='ltr'><strong>ιι.</strong></span> <span class='ocrx_word' id='word_1_177' title='bbox 180 2754 466 2826; x_wconf 82' lang='lat' dir='ltr'><strong>DCLXXXVll.</strong></span> <span class='ocrx_word' id='word_1_178' title='bbox 488 2779 564 2824; x_wconf 92' lang='lat' dir='ltr'><strong>cum</strong></span> <span class='ocrx_word' id='word_1_179' title='bbox 583 2756 631 2824; x_wconf 85' lang='grc' dir='ltr'><strong>Μ’</strong></span> <span class='ocrx_word' id='word_1_180' title='bbox 651 2757 768 2824; x_wconf 87' lang='lat' dir='ltr'><strong>Acilio</strong></span> <span class='ocrx_word' id='word_1_181' title='bbox 790 2755 974 2824; x_wconf 83' lang='lat' dir='ltr'><strong>Glabrione</strong></span> <span class='ocrx_word' id='word_1_182' title='bbox 993 2779 1059 2824; x_wconf 91' lang='lat' dir='ltr'><strong>nen</strong></span> <span class='ocrx_word' id='word_1_183' title='bbox 1082 2759 1157 2828; x_wconf 89' lang='lat' dir='ltr'><strong>sino</strong></span> 
     </span>
     <span class='ocr_line' id='line_1_25' title="bbox 68 2859 1158 2948; baseline 0.007 -23"><span class='ocrx_word' id='word_1_184' title='bbox 68 2859 282 2927; x_wconf 80' lang='lat' dir='ltr'><strong>fortitudinis</strong></span> <span class='ocrx_word' id='word_1_185' title='bbox 311 2867 347 2926; x_wconf 93' lang='lat' dir='ltr'><strong>ot</strong></span> <span class='ocrx_word' id='word_1_186' title='bbox 368 2864 577 2929; x_wconf 87' lang='lat' dir='ltr'><strong>constantiae</strong></span> <span class='ocrx_word' id='word_1_187' title='bbox 599 2860 701 2927; x_wconf 90' lang='lat' dir='ltr'><strong>laudo</strong></span> <span class='ocrx_word' id='word_1_188' title='bbox 724 2868 821 2948; x_wconf 84' lang='lat' dir='ltr'><strong>geste</strong></span> <span class='ocrx_word' id='word_1_189' title='bbox 843 2862 1001 2929; x_wconf 88' lang='lat' dir='ltr'><strong>ulteriori</strong></span> <span class='ocrx_word' id='word_1_190' title='bbox 1022 2861 1158 2933; x_wconf 82' lang='lat' dir='ltr'><strong>Galliae</strong></span> 
     </span>
     <span class='ocr_line' id='line_1_26' title="bbox 70 2963 1160 3054; baseline 0.007 -25"><span class='ocrx_word' id='word_1_191' title='bbox 70 2964 267 3053; x_wconf 82' lang='lat' dir='ltr'><strong>praefuerat</strong></span> <span class='ocrx_word' id='word_1_192' title='bbox 290 2963 480 3053; x_wconf 87' lang='lat' dir='ltr'><strong>turbasque</strong></span> <span class='ocrx_word' id='word_1_193' title='bbox 500 2965 727 3054; x_wconf 84' lang='lat' dir='ltr'><strong>Allobrogum</strong></span> <span class='ocrx_word' id='word_1_194' title='bbox 749 2972 1002 3053; x_wconf 87' lang='lat' dir='ltr'><strong>composuerat,</strong></span> <span class='ocrx_word' id='word_1_195' title='bbox 1038 2966 1160 3037; x_wconf 89' lang='lat' dir='ltr'><strong>deinde</strong></span> 
     </span>
     <span class='ocr_line' id='line_1_27' title="bbox 72 3066 1161 3159; baseline 0.009 -27.461"><span class='ocrx_word' id='word_1_196' title='bbox 72 3073 251 3134; x_wconf 87' lang='lat' dir='ltr'><strong>aecusatus</strong></span> <span class='ocrx_word' id='word_1_197' title='bbox 266 3090 286 3133; x_wconf 90' lang='lat' dir='ltr'><strong>a</strong></span> <span class='ocrx_word' id='word_1_198' title='bbox 304 3066 416 3136; x_wconf 86' lang='lat' dir='ltr'><strong>Gallis</strong></span> <span class='ocrx_word' id='word_1_199' title='bbox 437 3066 662 3159; x_wconf 75' lang='lat' dir='ltr'><strong>defensusque</strong></span> <span class='ocrx_word' id='word_1_200' title='bbox 682 3073 745 3138; x_wconf 89' lang='lat' dir='ltr'><strong>boe</strong></span> <span class='ocrx_word' id='word_1_201' title='bbox 761 3092 846 3135; x_wconf 88' lang='lat' dir='ltr'><strong>anno</strong></span> <span class='ocrx_word' id='word_1_202' title='bbox 863 3069 1060 3139; x_wconf 83' lang='lat' dir='ltr'><strong>aCiccrone</strong></span> <span class='ocrx_word' id='word_1_203' title='bbox 1080 3095 1161 3141; x_wconf 86' lang='lat' dir='ltr'><strong>con·</strong></span> 
     </span>
     <span class='ocr_line' id='line_1_28' title="bbox 73 3172 1161 3263; baseline 0.007 -27"><span class='ocrx_word' id='word_1_204' title='bbox 73 3172 389 3240; x_wconf 75' lang='lat' dir='ltr'><strong>sulatusmomoria</strong></span> <span class='ocrx_word' id='word_1_205' title='bbox 409 3174 544 3262; x_wconf 89' lang='lat' dir='ltr'><strong>potius,</strong></span> <span class='ocrx_word' id='word_1_206' title='bbox 570 3197 671 3263; x_wconf 86' lang='lat' dir='ltr'><strong>quarn</strong></span> <span class='ocrx_word' id='word_1_207' title='bbox 692 3173 736 3241; x_wconf 88' lang='lat' dir='ltr'><strong>ob</strong></span> <span class='ocrx_word' id='word_1_208' title='bbox 754 3174 978 3242; x_wconf 86' lang='lat' dir='ltr'><strong>innocentiam</strong></span> <span class='ocrx_word' id='word_1_209' title='bbox 992 3181 1047 3243; x_wconf 85' lang='lat' dir='ltr'><strong>est</strong></span> <span class='ocrx_word' id='word_1_210' title='bbox 1060 3176 1161 3245; x_wconf 90' lang='lat' dir='ltr'><strong>abso·</strong></span> 
     </span>
     <span class='ocr_line' id='line_1_29' title="bbox 72 3273 1162 3368; baseline 0.006 -27"><span class='ocrx_word' id='word_1_211' title='bbox 72 3274 178 3344; x_wconf 90' lang='lat' dir='ltr'><strong>lutus.</strong></span> <span class='ocrx_word' id='word_1_212' title='bbox 220 3273 277 3343; x_wconf 87' lang='lat' dir='ltr'><strong>De</strong></span> <span class='ocrx_word' id='word_1_213' title='bbox 294 3275 455 3346; x_wconf 82' lang='lat' dir='ltr'><strong>caesaris</strong></span> <span class='ocrx_word' id='word_1_214' title='bbox 477 3283 725 3368; x_wconf 87' lang='lat' dir='ltr'><strong>oppugnatione</strong></span> <span class='ocrx_word' id='word_1_215' title='bbox 748 3277 834 3343; x_wconf 89' lang='lat' dir='ltr'><strong>nibil</strong></span> <span class='ocrx_word' id='word_1_216' title='bbox 851 3286 1002 3362; x_wconf 89' lang='lat' dir='ltr'><strong>constat,</strong></span> <span class='ocrx_word' id='word_1_217' title='bbox 1020 3280 1087 3347; x_wconf 90' lang='lat' dir='ltr'><strong>nisi</strong></span> <span class='ocrx_word' id='word_1_218' title='bbox 1102 3301 1162 3348; x_wconf 89' lang='lat' dir='ltr'><strong>nc-</strong></span> 
     </span>
     <span class='ocr_line' id='line_1_30' title="bbox 75 3379 1164 3472; baseline 0.006 -28"><span class='ocrx_word' id='word_1_219' title='bbox 75 3379 314 3448; x_wconf 88' lang='lat' dir='ltr'><strong>eessitudlnem</strong></span> <span class='ocrx_word' id='word_1_220' title='bbox 343 3382 412 3472; x_wconf 91' lang='lat' dir='ltr'><strong>ipsi</strong></span> <span class='ocrx_word' id='word_1_221' title='bbox 440 3404 515 3449; x_wconf 89' lang='lat' dir='ltr'><strong>enm</strong></span> <span class='ocrx_word' id='word_1_222' title='bbox 535 3379 792 3472; x_wconf 81' lang='lat' dir='ltr'><strong>Transpadanis</strong></span> <span class='ocrx_word' id='word_1_223' title='bbox 814 3379 938 3463; x_wconf 85' lang='lat' dir='ltr'><strong>luisse,</strong></span> <span class='ocrx_word' id='word_1_224' title='bbox 971 3405 1037 3471; x_wconf 86' lang='lat' dir='ltr'><strong>qua</strong></span> <span class='ocrx_word' id='word_1_225' title='bbox 1059 3382 1164 3452; x_wconf 88' lang='lat' dir='ltr'><strong>laeilo</strong></span> 
     </span>
     <span class='ocr_line' id='line_1_31' title="bbox 76 3482 1163 3575; baseline 0.005 -27"><span class='ocrx_word' id='word_1_226' title='bbox 76 3482 197 3549; x_wconf 86' lang='lat' dir='ltr'><strong>adduci</strong></span> <span class='ocrx_word' id='word_1_227' title='bbox 218 3485 389 3572; x_wconf 86' lang='lat' dir='ltr'><strong>potuerit,</strong></span> <span class='ocrx_word' id='word_1_228' title='bbox 418 3493 458 3553; x_wconf 88' lang='lat' dir='ltr'><strong>ut</strong></span> <span class='ocrx_word' id='word_1_229' title='bbox 480 3495 655 3554; x_wconf 87' lang='lat' dir='ltr'><strong>accusaret</strong></span> <span class='ocrx_word' id='word_1_230' title='bbox 677 3484 833 3555; x_wconf 89' lang='lat' dir='ltr'><strong>Pisonem</strong></span> <span class='ocrx_word' id='word_1_231' title='bbox 852 3484 907 3551; x_wconf 85' lang='lat' dir='ltr'><strong>rel</strong></span> <span class='ocrx_word' id='word_1_232' title='bbox 926 3486 1041 3575; x_wconf 90' lang='lat' dir='ltr'><strong>potius</strong></span> <span class='ocrx_word' id='word_1_233' title='bbox 1064 3507 1163 3553; x_wconf 86' lang='lat' dir='ltr'><strong>aceu-</strong></span> 
     </span>
     <span class='ocr_line' id='line_1_32' title="bbox 76 3587 1163 3679; baseline 0.002 -25"><span class='ocrx_word' id='word_1_234' title='bbox 76 3588 183 3654; x_wconf 88' lang='lat' dir='ltr'><strong>saturi</strong></span> <span class='ocrx_word' id='word_1_235' title='bbox 196 3587 444 3674; x_wconf 86' lang='lat' dir='ltr'><strong>subscriberet,</strong></span> <span class='ocrx_word' id='word_1_236' title='bbox 465 3588 583 3660; x_wconf 88' lang='lat' dir='ltr'><strong>Pisoni</strong></span> <span class='ocrx_word' id='word_1_237' title='bbox 597 3611 676 3658; x_wconf 86' lang='lat' dir='ltr'><strong>vero</strong></span> <span class='ocrx_word' id='word_1_238' title='bbox 690 3589 954 3672; x_wconf 86' lang='lat' dir='ltr'><strong>inimicitiarum,</strong></span> <span class='ocrx_word' id='word_1_239' title='bbox 976 3610 1062 3679; x_wconf 84' lang='lat' dir='ltr'><strong>quas</strong></span> <span class='ocrx_word' id='word_1_240' title='bbox 1077 3606 1163 3678; x_wconf 88' lang='lat' dir='ltr'><strong>pau·</strong></span> 
     </span>
     <span class='ocr_line' id='line_1_33' title="bbox 76 3692 1234 3785; baseline 0.003 -27"><span class='ocrx_word' id='word_1_241' title='bbox 76 3693 108 3758; x_wconf 94' lang='lat' dir='ltr'><strong>lo</strong></span> <span class='ocrx_word' id='word_1_242' title='bbox 123 3699 224 3782; x_wconf 89' lang='lat' dir='ltr'><strong>pest,</strong></span> <span class='ocrx_word' id='word_1_243' title='bbox 244 3713 321 3760; x_wconf 90' lang='lat' dir='ltr'><strong>cum</strong></span> <span class='ocrx_word' id='word_1_244' title='bbox 336 3692 378 3762; x_wconf 88' lang='lat' dir='ltr'><strong>de</strong></span> <span class='ocrx_word' id='word_1_245' title='bbox 393 3694 560 3767; x_wconf 79' lang='lat' dir='ltr'><strong>Catilinae</strong></span> <span class='ocrx_word' id='word_1_246' title='bbox 573 3696 804 3764; x_wconf 85' lang='lat' dir='ltr'><strong>coniuratione</strong></span> <span class='ocrx_word' id='word_1_247' title='bbox 817 3699 992 3783; x_wconf 81' lang='lat' dir='ltr'><strong>ageretur,</strong></span> <span class='ocrx_word' id='word_1_248' title='bbox 1012 3715 1088 3759; x_wconf 92' lang='lat' dir='ltr'><strong>cum</strong></span> <span class='ocrx_word' id='word_1_249' title='bbox 1100 3693 1164 3762; x_wconf 92' lang='lat' dir='ltr'><strong>illo</strong></span> <span class='ocrx_word' id='word_1_250' title='bbox 1223 3771 1234 3785; x_wconf 49' lang='grc'>,</span> 
     </span>
     <span class='ocr_line' id='line_1_34' title="bbox 76 3796 1163 3888; baseline 0.005 -27"><span class='ocrx_word' id='word_1_251' title='bbox 76 3797 245 3881; x_wconf 83' lang='lat' dir='ltr'><strong>exercuit,</strong></span> <span class='ocrx_word' id='word_1_252' title='bbox 271 3797 357 3866; x_wconf 89' lang='lat' dir='ltr'><strong>banc</strong></span> <span class='ocrx_word' id='word_1_253' title='bbox 375 3822 513 3868; x_wconf 90' lang='lat' dir='ltr'><strong>caueam</strong></span> <span class='ocrx_word' id='word_1_254' title='bbox 531 3801 717 3871; x_wconf 83' lang='lat' dir='ltr'><strong>exstitisse.</strong></span> <span class='ocrx_word' id='word_1_255' title='bbox 760 3799 889 3870; x_wconf 79' lang='lat' dir='ltr'><strong>Contra</strong></span> <span class='ocrx_word' id='word_1_256' title='bbox 910 3796 1041 3866; x_wconf 80' lang='lat' dir='ltr'><strong>adiurit</strong></span> <span class='ocrx_word' id='word_1_257' title='bbox 1060 3816 1163 3888; x_wconf 73' lang='grc' dir='ltr'><strong>ιῙιιιιιιι</strong></span> 
     </span>
     <span class='ocr_line' id='line_1_35' title="bbox 78 3899 1164 3995; baseline -0.002 -27"><span class='ocrx_word' id='word_1_258' title='bbox 78 3901 220 3971; x_wconf 83' lang='lat' dir='ltr'><strong>maxime</strong></span> <span class='ocrx_word' id='word_1_259' title='bbox 240 3900 285 3976; x_wconf 88' lang='grc' dir='ltr'><strong>Τ.</strong></span> <span class='ocrx_word' id='word_1_260' title='bbox 305 3900 492 3974; x_wconf 80' lang='lat' dir='ltr'><strong>Labienum</strong></span> <span class='ocrx_word' id='word_1_261' title='bbox 514 3914 552 3974; x_wconf 88' lang='lat' dir='ltr'><strong>et</strong></span> <span class='ocrx_word' id='word_1_262' title='bbox 569 3904 616 3979; x_wconf 90' lang='lat' dir='ltr'><strong>T.</strong></span> <span class='ocrx_word' id='word_1_263' title='bbox 631 3905 794 3995; x_wconf 80' lang='lat' dir='ltr'><strong>Ampium</strong></span> <span class='ocrx_word' id='word_1_264' title='bbox 807 3903 961 3971; x_wconf 89' lang='lat' dir='ltr'><strong>tribunes</strong></span> <span class='ocrx_word' id='word_1_265' title='bbox 977 3899 1087 3991; x_wconf 88' lang='lat' dir='ltr'><strong>plebis</strong></span> <span class='ocrx_word' id='word_1_266' title='bbox 1102 3900 1164 3969; x_wconf 86' lang='lat' dir='ltr'><strong>ab·</strong></span> 
     </span>
     <span class='ocr_line' id='line_1_36' title="bbox 76 4002 1164 4100; baseline 0.002 -28"><span class='ocrx_word' id='word_1_267' title='bbox 76 4007 184 4075; x_wconf 83' lang='lat' dir='ltr'><strong>sentis</strong></span> <span class='ocrx_word' id='word_1_268' title='bbox 207 4005 272 4080; x_wconf 82' lang='lat' dir='ltr'><strong>Gn.</strong></span> <span class='ocrx_word' id='word_1_269' title='bbox 291 4002 466 4100; x_wconf 86' lang='lat' dir='ltr'><strong>Pompeii,</strong></span> <span class='ocrx_word' id='word_1_270' title='bbox 494 4011 555 4080; x_wconf 85' lang='lat' dir='ltr'><strong>sed</strong></span> <span class='ocrx_word' id='word_1_271' title='bbox 576 4010 711 4080; x_wconf 89' lang='lat' dir='ltr'><strong>iamiam</strong></span> <span class='ocrx_word' id='word_1_272' title='bbox 727 4033 801 4079; x_wconf 89' lang='lat' dir='ltr'><strong>eum</strong></span> <span class='ocrx_word' id='word_1_273' title='bbox 818 4009 967 4078; x_wconf 83' lang='lat' dir='ltr'><strong>exercitu</strong></span> <span class='ocrx_word' id='word_1_274' title='bbox 979 4007 1108 4074; x_wconf 83' lang='lat' dir='ltr'><strong>victore</strong></span> <span class='ocrx_word' id='word_1_275' title='bbox 1121 4025 1164 4074; x_wconf 83' lang='lat' dir='ltr'><strong>ex</strong></span> 
     </span>
     <span class='ocr_line' id='line_1_37' title="bbox 76 4107 1163 4207; baseline 0.001 -27"><span class='ocrx_word' id='word_1_276' title='bbox 76 4111 166 4182; x_wconf 81' lang='lat' dir='ltr'><strong>Asia</strong></span> <span class='ocrx_word' id='word_1_277' title='bbox 183 4109 331 4183; x_wconf 88' lang='lat' dir='ltr'><strong>redituri</strong></span> <span class='ocrx_word' id='word_1_278' title='bbox 348 4115 461 4204; x_wconf 81' lang='lat' dir='ltr'><strong>gratia</strong></span> <span class='ocrx_word' id='word_1_279' title='bbox 480 4116 589 4207; x_wconf 80' lang='lat' dir='ltr'><strong>legem</strong></span> <span class='ocrx_word' id='word_1_280' title='bbox 603 4116 771 4201; x_wconf 75' lang='lat' dir='ltr'><strong>lor-entes,</strong></span> <span class='ocrx_word' id='word_1_281' title='bbox 796 4119 838 4183; x_wconf 89' lang='lat' dir='ltr'><strong>ut</strong></span> <span class='ocrx_word' id='word_1_282' title='bbox 851 4114 882 4185; x_wconf 95' lang='lat' dir='ltr'><strong>is</strong></span> <span class='ocrx_word' id='word_1_283' title='bbox 896 4111 989 4182; x_wconf 84' lang='lat' dir='ltr'><strong>ludis</strong></span> <span class='ocrx_word' id='word_1_284' title='bbox 1001 4107 1163 4181; x_wconf 80' lang='lat' dir='ltr'><strong>circensi·</strong></span> 
     </span>
    </p>
   </div>
   <div class='ocr_carea' id='block_1_3' title="bbox 0 0 1321 4688">
    <p class='ocr_par' dir='ltr' id='par_1_3' title="bbox 0 0 1321 4688">
     <span class='ocr_line' id='line_1_38' title="bbox 0 0 1321 4688; baseline 0 0"><span class='ocrx_word' id='word_1_285' title='bbox 0 0 1321 4688; x_wconf 95' lang='lat' dir='ltr'><strong> </strong></span> 
     </span>
    </p>
   </div>
  </div>
 </body>
</html>
