2572 4688
404 264 510 339 LIB.
536 260 585 340 ll
628 262 751 337 cni.
774 265 823 340 ab
1086 260 1154 339 lib

70 454 277 527 coniicerent
302 459 339 523 et
357 454 427 546 pila
448 455 635 545 intercepte
653 454 882 522 remitterent:
948 456 994 520 ut
1009 472 1075 522 non
1093 444 1152 523 ne-
1173 450 1209 515 8.

69 547 252 635 quicquum
275 549 392 611 tentae
412 543 551 611 virtutis
570 541 719 611 homines
739 541 882 611 iudicari
899 535 1038 609 deberet
1051 564 1158 613 uuooa

71 656 151 702 esee
169 631 318 701 transire
329 632 533 698 latissimum
552 631 692 713 fiumen,
714 629 895 698 accendere
907 628 1091 698 altissimae
1105 633 1155 699 ri·

71 743 156 809 pas,
184 720 301 787 subire
322 719 569 807 iniquissimum
590 721 722 804 locum:
742 715 953 808 quaefuoilie
965 737 1006 782 ex
1020 716 1157 787 difficit.

71 810 166 876 limis
179 806 284 876 animi
296 805 491 893 magnitudo
504 806 692 892 redegerat.
775 808 833 877 28.
861 802 936 869 Hoc
978 804 1084 872 roelic
1102 808 1158 872 fu-

72 905 129 966 cto
143 904 180 965 et
193 916 299 986 prope
313 893 357 961 ud
372 893 624 962 internicionem
638 897 737 979 genta
753 913 793 959 ac
805 893 938 958 nomine
987 894 1156 963 emiorum

59 1064 93 1113 ’-
144 1075 173 1138 s.
189 1076 218 1126 3.
258 1070 450 1137 nequicquam]
475 1070 524 1122 Dr.
541 1072 576 1120 A.
594 1060 674 1120 Vror.
690 1064 724 1119 Α.
743 1067 823 1120 Goon.
838 1064 896 1120 AB.
912 1067 1008 1118 liemb.
1025 1063 1107 1122 vinu.
1122 1071 1160 1122 Α.

110 1146 172 1196 cdd.
196 1150 261 1196 anto
283 1142 315 1194 P.
330 1143 406 1193 Man.
434 1140 607 1205 nequiquam
629 1140 714 1201 Bong.
736 1137 772 1188 Α.
787 1139 872 1189 Voss.
888 1139 924 1186 Δ.
940 1137 1011 1189 bov-
1029 1136 1062 1190 Ρ.
1086 1142 1161 1192 Man.

111 1215 181 1266 ond.
195 1216 222 1264 2.
244 1210 437 1276 nequidquam
453 1209 551 1271 reliqui
566 1205 635 1274 mei,
655 1209 719 1258 Ald.
735 1219 797 1269 nep.
813 1214 841 1257 et
860 1218 934 1274 sqq,
957 1205 1039 1258 etiarn
1051 1208 1161 1273 0ud.,1‚

111 1285 143 1333 ut
160 1281 194 1347 8,
212 1283 247 1332 19
264 1289 293 1328 et
311 1279 419 1346 Civ.1,
436 1280 469 1341 13
493 1279 590 1340 quibus
607 1275 676 1327 locis
693 1276 762 1327 ond·
779 1276 809 1327 in
832 1277 920 1327 altera
941 1287 1047 1339 quoquc
1072 1279 1116 1331 ed.
1139 1275 1162 1329 d

112 1364 149 1401 cx
171 1351 287 1412 vulgata
308 1347 409 1409 tenuit,
437 1353 526 1397 motus
551 1342 860 1411 terminationibus,
890 1344 987 1409 quibus
1004 1345 1161 1398 Gronoviaa

113 1420 150 1472 ad
171 1418 236 1471 Irin.
256 1415 306 1482 42,
327 1411 364 1466 ob
387 1414 575 1466 accurationem
597 1426 661 1465 esse
684 1411 891 1464 demonstravit.
925 1413 1049 1474 Quaeri
1073 1426 1162 1471 veroa
1191 1441 1192 1445 κ
1253 1426 1255 1430 ·

112 1494 178 1543 cunt
200 1487 267 1553 (nqc
289 1496 341 1548 ego
365 1485 451 1536 nabeo
475 1485 545 1547 quod
561 1481 770 1542 contradbam]
795 1481 968 1547 nequiquam
985 1483 1093 1535 omnino
1107 1485 1163 1539 im.

112 1554 226 1621 probari
241 1557 270 1605 et
285 1553 323 1603 ibi
338 1560 459 1617 tantum,
481 1552 528 1602 ubi
543 1552 653 1603 codices
669 1551 789 1614 potiores
806 1552 1095 1619 omniumomniuni,
1111 1555 1164 1606 ad.

113 1624 186 1675 mitti
208 1624 296 1675 debet.
330 1610 397 1670 subt
414 1621 486 1673 enim
503 1633 573 1687 quae
589 1619 715 1687 quamvis
731 1617 920 1685 improbabilia
934 1627 1026 1675 tamen
1042 1622 1164 1688 scripto-

27 1730 32 1741 „
113 1695 193 1746 ribus
208 1691 385 1755 relinquenda
402 1690 467 1741 sint.

150 1763 262 1812 deberet
277 1771 361 1809 ausos
378 1761 456 1818 csse]
481 1758 544 1809 Ald.
561 1753 593 1808 P.
611 1758 685 1810 blan.
701 1753 787 1808 uase.
803 1756 895 1821 steph.
918 1759 960 1810 ln.
979 1763 1008 1811 et
1024 1768 1083 1825 eqo.
1110 1759 1165 1813 de-

115 1832 218 1885 berent
234 1829 300 1881 nusi
316 1829 392 1894 qnod
406 1830 500 1878 errent
516 1827 567 1877 ΟΧ.
584 1828 655 1878 llev.
672 1827 707 1875 A.
721 1826 803 1875 Vind.
818 1828 853 1877 A.
871 1828 920 1879 (ir.
936 1841 961 1880 a.
979 1830 1057 1880 lum
1081 1828 1165 1882 debe-
1269 1861 1271 1864 <

115 1902 187 1953 rent
209 1911 296 1951 curor
318 1910 381 1948 rece
401 1897 472 1948 Lov.
496 1896 581 1946 Doro.
598 1897 657 1946 Pal.
674 1897 753 1947 Vrat.
770 1894 802 1945 (t.
821 1895 902 1947 (ioth.
920 1897 950 1946 Β.
966 1892 1065 1949 damn.
1082 1899 1166 1951 vind.

117 1973 152 2021 Β.
175 1967 312 2020 deberent
327 1964 392 2016 ouri
406 1965 477 2016 cont
491 1964 567 2014 Leid.
583 1966 614 2012 Β.
630 1966 680 2016 Dr.
696 1965 728 2014 Β.
746 1963 828 2013 vind.
846 1964 900 2015 cll.
926 1962 1064 2018 deberent
1079 1980 1167 2021 ooooe

118 2052 181 2091 esse
197 2036 295 2100 reliqui
311 2034 419 2091 codices
437 2042 466 2083 ec
481 2031 616 2084 incisione
632 2040 695 2095 post
710 2031 846 2083 deberent
859 2035 935 2085 facta
948 2037 1007 2086 edd.
1022 2036 1086 2090 rell.
1101 2043 1167 2092 anto

121 2109 164 2159 Iu·
199 2107 267 2157 Mihi
290 2114 347 2153 nna
371 2103 465 2153 littere
480 2103 571 2153 deleta
587 2103 674 2153 Aldus
692 2101 851 2152 felicissime
865 2115 926 2154 rem
942 2103 1033 2169 egisse
1047 2105 1167 2157 videtur.

39 2196 48 2211 s
119 2179 209 2237 Quom
225 2173 308 2226 facile
325 2171 462 2224 deberent
477 2183 514 2220 ex
530 2171 647 2223 deberet
662 2170 722 2222 lieri
738 2170 872 2238 potuerit,
889 2173 1033 2224 obscurum
1046 2185 1101 2227 non
1112 2181 1167 2226 cet.

119 2245 165 2297 ci.
189 2241 337 2296 admonit.
361 2244 395 2292 ad
420 2242 504 2308 1‚2l
524 2238 599 2308 S.1,
623 2243 660 2290 36
678 2238 751 2306 s.5,
776 2236 812 2290 to
836 2239 864 2302 S·
878 2242 928 2308 10,
949 2240 987 2295 46
1009 2239 1035 2304 S·
1047 2244 1074 2295 b.
1112 2244 1170 2298 llio

119 2324 189 2366 vero
204 2313 233 2363 in
250 2309 371 2375 proximo
386 2311 503 2372 positum
519 2310 668 2361 accedebat
682 2307 845 2375 beminen,
1139 2313 1142 2316 “

156 2381 226 2445 Gap.
238 2381 282 2432 28.
306 2378 333 2439 S.
349 2381 375 2430 1.
408 2376 626 2438 internicionem]
649 2380 697 2429 Dr·
716 2379 773 2427 AB.
792 2376 1169 2432 truculentiorem.

121 2451 180 2506 Ac.
197 2451 256 2500 edd.
270 2448 396 2499 Aldinae.
419 2447 640 2500 internitionem
655 2447 758 2513 ‚‚Mss.
770 2453 799 2494 et
812 2446 878 2497 Edd.
893 2444 981 2510 qdd.“
997 2451 1074 2512 iigm.
1087 2450 1170 2502 Goth.

121 2522 155 2573 Β.
173 2517 257 2572 vind.
272 2517 319 2568 Fi.
336 2516 396 2566 edd.
413 2522 477 2566 aute
492 2516 601 2566 Aldum.
631 2514 856 2567 internetionem
872 2516 921 2566 tir.
937 2528 965 2567 a.
991 2518 1171 2571 internecio-

121 2601 190 2642 nem
208 2585 280 2640 eote.
302 2585 401 2649 (Bong.
419 2585 454 2636 Α.
471 2581 589 2636 sirecte
606 2591 680 2639 tacet
698 2584 755 2643 Pl.)
778 2584 872 2648 Stopb.
887 2583 937 2638 Gr.
952 2585 979 2636 b.
996 2589 1076 2641 duur.
1091 2589 1171 2654 Ilipa.

90 2755 143 2813 qno
155 2754 247 2797 rerum
259 2744 413 2795 exstructos
424 2742 548 2794 inmotos
557 2750 611 2796 non
652 2740 692 2794 nd
708 2750 816 2806 pmcne
829 2739 858 2790 ct
870 2737 996 2792 similium
1009 2753 1073 2793 esse
1091 2743 1173 2810 solet,

90 2818 152 2867 aine
171 2826 258 2867 cause
275 2811 419 2866 offensioni
432 2813 522 2864 iubae
541 2812 611 2864 uiris
651 2811 721 2864 banc
730 2809 951 2861 difficillimorum
963 2810 992 2862 in
1003 2811 1098 2863 facilia
1111 2825 1174 2865 mn-

90 2881 188 2939 docete.
652 2880 781 2932 tadonem
802 2886 938 2943 nmquam
960 2879 1174 2934 imminutionem

142 2953 173 3015 s.
195 2953 222 3002 3.
264 2950 421 3014 redegerat]
458 2946 503 2999 cf.
521 2946 555 3011 t,
577 2952 611 3000 ile
652 2956 681 3000 et
692 2947 880 2999 detrimentum
892 2948 1029 3001 retuleris.
1050 2950 1173 3003 Gildo·
1247 2962 1249 2969 ¹

93 3021 196 3084 (Saevi
207 3015 310 3080 Vbios)
328 3018 483 3084 vectiquies
497 3017 549 3067 ciii
562 3019 611 3085 fe·
652 3017 678 3069 ri
690 3020 723 3084 1,
743 3019 779 3071 17
791 3021 862 3068 extr.
877 3019 911 3067 de
925 3018 1009 3069 Decio
1021 3016 1093 3072 iiiior
1108 3031 1173 3072 mo·

91 3092 200 3144 cerunt
220 3100 256 3139 ac
274 3090 365 3140 multo
383 3085 552 3138 bumiiiorec
565 3087 612 3137 in-
653 3097 690 3138 re
706 3085 808 3150 patrio
824 3086 960 3138 deuotum
972 3086 1028 3139 iiio
1040 3089 1176 3141 Mondou

93 3161 295 3229 tirmioreoque
310 3158 498 3225 redeqernnt.
527 3156 612 3208 Vtro-
655 3155 758 3207 obtolit
768 3156 856 3221 capnt
867 3157 1066 3223 cotennemqua
1084 3158 1174 3225 romi-

89 3243 147 3295 quc
174 3230 236 3279 loco
261 3227 374 3278 verbum
398 3226 532 3292 recipere
551 3236 613 3275 cnm
653 3225 713 3276 tine
732 3235 804 3276 otene
821 3225 1068 3279 consecrat-ionem
1084 3228 1175 3280 inci-

94 3295 339 3361 constructionem,
361 3297 418 3346 tum
436 3293 613 3357 significatio-
655 3293 769 3346 ctoriae
778 3292 908 3358 pretium
920 3295 1046 3363 nedepit.
1070 3294 1100 3348 in
1112 3297 1176 3363 qui-

93 3380 158 3420 nem
172 3365 251 3418 verbi
269 3364 395 3416 reddere
406 3365 556 3416 mutuatum
568 3362 613 3412 vi-
655 3363 708 3414 bus
723 3361 785 3412 aive
804 3363 1038 3416 consecrationem
1054 3363 1087 3416 in
1101 3377 1176 3431 pre-
1241 3380 1245 3391 ¹

95 3438 185 3487 detur.
224 3432 562 3484 concutientem
586 3439 615 3481 et
656 3432 731 3484 tium
750 3432 914 3496 redactam,
938 3432 1001 3483 sive
1019 3445 1177 3488 eonsecra-

94 3516 182 3568 opera
193 3501 330 3568 impense,
354 3513 423 3565 quae
435 3499 615 3551 locutionibus
654 3501 763 3554 tionem
783 3500 982 3570 inpunitum,
1010 3504 1039 3556 b.
1057 3514 1083 3554 ο.
1103 3516 1176 3572 eain,

95 3575 131 3625 in
156 3573 331 3637 potestatem
336 3601 347 3637 ,
375 3570 408 3620 in
434 3569 615 3636 prouinciam
657 3581 727 3634 qnae
739 3582 789 3631 pro
801 3569 889 3632 pretio
902 3571 996 3623 tuturo
1013 3579 1105 3642 auset,
1126 3586 1176 3626 oo·

96 3643 234 3708 rediqere
254 3647 283 3690 eo
304 3638 438 3691 similibus
463 3638 616 3702 significata
654 3639 769 3690 lennem
780 3639 932 3691 redactam
950 3639 1005 3690 dici
1022 3643 1177 3710 statuimus,

97 3708 462 3776 rtienpoteec,reol1nn
475 3715 552 3758 vetet
566 3718 615 3759 co·
657 3710 772 3759 verbum
800 3709 906 3771 quidem
942 3708 1077 3777 rediqere
1110 3710 1177 3763 item
1271 3701 1275 3712 ¹

97 3782 201 3846 pilare,
224 3776 279 3828 nisi
297 3781 368 3829 forte
385 3775 468 3828 animi
480 3773 617 3839 magnitu-
658 3776 881 3840 simpliciterque
898 3781 1019 3831 uertere
1035 3780 1083 3831 vel
1095 3780 1178 3844 plane

91 3848 186 3901 dinem
198 3848 344 3898 laborando
356 3845 467 3897 efficere
482 3852 617 3912 putemur,
658 3852 690 3896 ut
708 3846 736 3896 b.
748 3845 769 3898 l.
789 3856 840 3910 pro
858 3847 990 3900 reddere·
1002 3845 1121 3913 positum
1132 3848 1179 3903 vl-

98 3927 128 3971 uo
145 3916 307 3968 difficillima
325 3912 419 3966 tacilie
435 3913 490 3963 aine
503 3925 617 3977 mugna-
658 3915 746 3966 detur.

98 3984 190 4038 nimie.
222 3987 281 4035 Nec
293 3984 378 4034 multo
396 3983 562 4047 probabilius
581 3982 618 4034 ed
711 3982 831 4047 caum
848 3980 875 4042 s.
885 3984 911 4033 1.
933 3995 968 4036 ac
980 3982 1101 4045 nomine]

99 4057 231 4107 mutatam
248 4053 277 4103 in
295 4049 416 4104 dunfini
429 4051 617 4120 conditionem,
660 4051 770 4114 proprie
782 4051 886 4102 diotum'
899 4054 958 4118 cai,
976 4056 1007 4103 ut
1019 4056 1053 4117 6,
1070 3984 1202 4221 ab&
1258 4096 1261 4102 .

68 4136 85 4149 “·
100 4121 618 4189 qmuireouenmnnaerencm,
660 4121 753 4186 wrm
769 4132 928 4176 ‹uo-comen
944 4120 1074 4177 menn
