2572 4688
407 235 625 319 tinius
664 178 859 339 cansa
1110 240 1178 311 aa

85 426 219 498 nostri
249 425 453 500 monemus
479 432 582 520 atque
610 425 1219 520 interoarrosim1ledimentaquet

86 517 256 609 proelium
270 515 529 596 commiserunt3
593 523 630 584 et
646 516 779 605 reliqna
794 516 977 587 multitudo
992 537 1174 606 puerorum

85 605 333 692 mulierumque
360 603 453 691 (nam
476 625 552 672 enm
571 603 726 672 omnihus
749 606 824 673 suis
840 604 939 672 domo
961 610 1175 671 excesserant
1242 653 1244 656 <

85 691 309 780 Rhenumque
327 690 551 775 transierant)
578 690 707 797 passim
724 691 842 778 ingere
855 691 992 784 coepit3
1021 688 1065 758 ad
1086 712 1171 779 quos

85 777 332 847 consectandos
358 775 487 846 Caesar
511 799 529 844 e
553 785 699 846 artatum
723 780 828 850 misit.
921 781 976 848 1⁵.
1013 776 1174 846 Germani
1212 771 1216 795 ‘

84 874 166 955 post
179 873 312 953 tergum
328 866 477 932 clamore
494 799 628 945 auzito,¹
651 887 725 932 cum
742 889 824 935 suos
840 864 988 934 interfici
1007 865 1171 946 viderent,

84 953 189 1021 armis
205 954 347 1023 abiectis
360 953 536 1041 signisque
551 952 758 1022 militaribus
772 954 905 1021 relictis
925 975 964 1020 se
985 975 1024 1018 ex
1043 952 1169 1021 {stris
1190 962 1213 1024 2

82 1041 274 1128 eiecerunt,
336 1046 373 1107 et
391 1062 467 1109 oum
487 1039 531 1110 ad
549 1041 770 1111 confluentem
784 1041 902 1111 Mosae
919 1049 955 1110 et
968 1038 1078 1109 Rheni
1092 1061 1171 1130 per-

114 1232 206 1299 retro,
227 1229 275 1298 qui
285 1242 326 1283 ec.
336 1233 505 1285 metrorum
519 1231 650 1287 ttomloee
662 1232 818 1300 explicanti
830 1245 918 1288 cause
934 1231 1098 1303 adscripsit,
1115 1245 1183 1297 non,

114 1302 1169 1438 litaltlnifflllitfl’illitttlttnnliiiiinl¹⁰'tolli

356 1403 366 1433 s
497 1406 507 1439 ,
1016 1405 1025 1421 ·

114 1439 300 1505 negligentiae
317 1452 336 1491 a
347 1436 478 1492 cessaris
497 1441 633 1494 scribenti
644 1455 745 1508 genere
758 1455 811 1495 non
824 1444 864 1494 ita
879 1443 986 1495 eliense
1001 1443 1026 1491 il.
1041 1441 1061 1493 l.
1073 1442 1107 1493 eir
1120 1440 1167 1492 in·

114 1509 258 1562 tericctum
271 1508 377 1561 milites
389 1509 488 1562 nostri
499 1511 644 1562 coniuncte
655 1520 699 1562 est
712 1511 891 1577 ambiguitas,
908 1523 977 1573 quae
988 1512 1071 1573 plene
1079 1507 1119 1563 ’ab
1132 1523 1166 1564 eo

114 1580 207 1633 elisua
226 1586 278 1628 est.
311 1579 402 1639 Quare
422 1577 546 1644 onorem
565 1592 615 1643 per
633 1581 806 1632 librariorum
822 1580 1017 1646 negligentiam
1031 1593 1066 1629 ex
1081 1593 1166 1641 supe-

114 1646 189 1700 riore
208 1645 257 1698 illo
278 1647 400 1714 illatum,
424 1660 479 1715 qno
497 1649 560 1699 loco
578 1651 724 1714 &nulnum
737 1648 855 1701 vitetur.
890 1649 959 1701 Nam
971 1647 1167 1711 praepositioni

115 1717 227 1768 codices
239 1717 345 1782 locum,
362 1728 440 1780 quem
454 1716 522 1769 alili
535 1716 595 1767 sine
609 1717 799 1770 controversie
812 1715 932 1787 abnuet,
950 1724 1059 1781 negant.
1118 1716 1140 1743 ³··
1154 1721 1174 1755 ‘l

87 1788 91 1795 ’
148 1785 176 1847 S.
197 1783 223 1836 5.
263 1786 474 1846 consectandos]
504 1788 697 1839 consectando
722 1787 805 1838 Vini.
828 1786 859 1838 G.
888 1787 1041 1843 sectandos
1066 1786 1165 1839 Hamil.

113 1886 135 1924 ‚,
142 1854 354 1907 conservandos
376 1854 520 1917 aliquanto
539 1856 681 1921 legentum
701 1849 881 1954 εικίειίιιηνί,ι
895 1869 931 1906 ne
946 1852 1050 1906 cessar
1067 1856 1099 1905 ie
1113 1868 1165 1908 sua

112 1925 177 1995 ipse
195 1922 225 1975 in
242 1935 341 1985 pueros
361 1929 389 1972 et
409 1923 539 1974 mulieres
559 1924 678 1977 saevitis
695 1927 853 1977 testaretur.
902 1924 1008 1983 liciam.
1031 1926 1091 1975 Non
1104 1924 1166 1974 siue

113 1990 186 2046 omni
202 1992 307 2061 retioue
328 1992 526 2045 Hotomannnm
537 1991 582 2045 iric
594 1993 740 2044 offendisse
753 1991 852 2060 exiis,
872 2005 943 2059 quae
957 1994 992 2044 ati
1005 1995 1038 2059 1,
1055 1994 1090 2043 26
1106 1990 1133 2052 S„
1146 1989 1166 2044 4

112 2060 313 2126 animaeverli,
339 2061 432 2126 colligi
450 2068 548 2123 potest.
581 2064 635 2114 sei
654 2063 870 2114 conservandos
886 2069 914 2113 et
936 2061 1112 2126 sequentibus
1134 2067 1164 2112 et

112 2132 157 2186 rel
170 2129 223 2193 lpsi
235 2130 379 2194 repugnat.
411 2130 518 2181 Etenim
530 2131 690 2183 ulcisceris
702 2138 763 2183 erat
776 2131 897 2192 perlate.

101 2200 105 2215 ¹
151 2200 217 2262 cap.
236 2197 280 2255 1⁵.
295 2199 332 2261 ’3.
344 2200 370 2250 1.
412 2205 475 2261 post
495 2201 615 2265 tergum]
642 2203 813 2267 prosternens
830 2201 913 2252 Vinci.
934 2199 966 2250 ll.
993 2196 1166 2264 poet'terpo
1203 2226 1207 2237 ι

112 2268 198 2320 Vini.
212 2269 247 2317 Α.
264 2274 306 2333 st,
325 2268 395 2331 quoti
408 2268 476 2320 Oui.
491 2267 598 2322 silentia
611 2269 762 2336 praeteriit,
778 2271 841 2321 Altl.
854 2269 903 2331 Gr.
918 2281 943 2321 a.
956 2267 986 2318 Ρ.
1000 2270 1072 2319 Mau.
1085 2269 1165 2319 liure.

113 2339 181 2391 elne
201 2336 337 2390 varietate
353 2341 422 2403 post
441 2339 558 2404 terpora
577 2338 680 2402 iegitur
698 2351 722 2390 c·
737 2343 771 2390 22
788 2337 846 2405 §.a
864 2340 930 2402 cor,
947 2340 992 2388 62.
1009 2333 1053 2389 ti.
1071 2337 1116 2390 88·
1135 2343 1165 2388 et
1242 2325 1250 2370 ³

110 2408 140 2458 ll.
153 2408 173 2458 l.
194 2405 359 2471 singularem
380 2419 423 2457 ex.
441 2406 524 2458 Febr.
545 2407 575 2459 in
596 2408 655 2458 Pet.
673 2408 747 2463 Gott.
761 2407 846 2458 Voss.
857 2409 893 2457 A.
910 2408 1003 2472 ligm,
1020 2417 1064 2455 ex.
1077 2404 1166 2458 coni.

70 2514 74 2525 .
111 2475 143 2528 ln
162 2476 247 2540 Boug.
268 2474 300 2526 ο.
324 2475 385 2526 l’al.
405 2475 461 2538 legi
481 2477 615 2540 testatura
641 2477 740 2544 quibus
759 2489 853 2540 omnes
874 2488 894 2529 e
912 2488 958 2529 me
975 2472 1032 2525 visi
1052 2483 1164 2538 prester

112 2558 195 2597 uuum
208 2543 289 2595 Vini.
302 2545 337 2595 A.
352 2544 544 2607 suffragantur.
654 2545 657 2555 ’

147 2613 309 2671 erenstein]
333 2625 349 2665 e
367 2625 393 2666 c.
406 2613 489 2664 vino.
503 2615 539 2663 A.
562 2611 674 2676 postris
693 2611 745 2664 ox.
757 2611 806 2664 Dr.
819 2615 855 2663 A.
874 2619 970 2664 contra
990 2612 1165 2665 eonsuetudi-

112 2696 175 2735 nem
196 2681 348 2745 scriptoris.
378 2679 467 2748 cti,
485 2679 529 2733 15.
544 2683 589 2734 21.
613 2681 646 2751 7,
663 2680 707 2744 alt,
723 2677 768 2743 61.
798 2679 910 2753 ΟΜ,
926 2683 971 2734 96.
1005 2681 1067 2738 Nou
1080 2681 1162 2740 anter

110 2752 218 2805 illelius
230 2752 310 2803 Alex.
326 2762 353 2802 e.
367 2752 412 2806 17.
428 2750 472 2802 le.
487 2750 530 2807 20.
546 2751 592 2804 iti.
630 2760 654 2805 e
1061 2763 1064 2768 ·

129 2920 197 2988 cap.
205 2921 250 2977 15.
263 2923 290 2986 S·
303 2924 329 2976 1.
350 2932 413 2988 post
423 2925 598 2990 tergomcie·
639 2921 803 2978 subaudiunt
812 2922 906 2978 omnio
918 2935 1030 2995 nomeu,
1046 2935 1100 2975 non
1113 2936 1162 2977 so·

76 3006 154 3047 more
170 2994 275 3054 audito]
299 2994 407 3047 Clamor
420 2999 482 3047 erat
497 3008 596 3060 puero-
638 2997 679 3049 iet
691 2995 717 3045 li
729 2995 852 3058 genitivo
866 2993 1003 3059 coniungi.
1036 2993 1100 3046 Sine
1118 2995 1162 3046 el·

76 3077 139 3116 rum
158 3071 187 3114 et
205 3063 364 3131 mulierum,
388 3064 432 3128 qni
449 3066 512 3118 dum
524 3065 598 3118 (ier-
638 3065 705 3128 lipsi
724 3065 866 3119 dicendum
887 3073 947 3116 eret
963 3063 1002 3116 od
1014 3063 1161 3131 confluere·

77 3132 152 3184 mani
165 3134 298 3189 adversus
310 3133 491 3194 inrumpentes
504 3134 533 3185 in
548 3144 597 3184 ce-
639 3137 685 3188 tee
696 3134 809 3192 Morem
820 3135 851 3186 et
862 3134 1013 3200 itionem,
1030 3134 1160 3198 quemad-

77 3204 139 3253 stre
164 3202 300 3255 Romanos
326 3205 463 3267 pugnent,
493 3203 598 3267 passim
639 3207 746 3257 monum
761 3211 805 3253 est
818 3199 849 3252 in'
864 3203 1055 3269 inscriptione,
1079 3213 1161 3266 quem

76 3273 175 3334 fugere
187 3274 217 3321 et
227 3283 355 3324 eversam
368 3273 404 3322 als
416 3272 537 3323 hostibus
550 3283 598 3323 re·
640 3274 764 3324 exhibent
771 3273 893 3323 Annales
900 3272 1161 3324 institutiarollaeo-
1177 3332 1180 3339 Ι

76 3339 185 3404 gisum
210 3344 303 3403 petere
326 3349 473 3402 coeperant
492 3350 521 3392 et
542 3340 598 3392 ium
639 3342 722 3406 logici
736 3339 840 3393 elato
852 3356 878 3404 p·
890 3339 949 3392 lle
959 3355 978 3393 o
989 3340 1108 3396 noratis
1120 3341 1161 3397 ad

77 3410 113 3459 eh
131 3409 335 3472 insequentibus
349 3410 478 3461 caeseris
499 3410 598 3475 equiti·
639 3409 972 3475 confluentialitternnm
979 3413 1008 3462 et
1018 3409 1159 3462 Ticinum.

76 3479 128 3530 isus
143 3479 334 3534 caedebantur·
366 3480 436 3530 llum
449 3482 516 3544 post
533 3482 598 3532 ter·
639 3482 732 3532 Lucus
748 3479 840 3542 ipses
855 3481 990 3543 scriptore
1003 3480 1047 3532 llis
1063 3480 1159 3531 verbis
1206 3475 1219 3492 ⁸

75 3559 145 3614 pum
180 3560 374 3599 conversorum
403 3548 432 3599 in
461 3550 599 3600 Romanos
639 3548 895 3614 significatnselins
909 3561 973 3599 esse
986 3550 1088 3616 nequit,
1104 3546 1160 3600 nisi

76 3618 274 3669 Germanorum
291 3616 380 3666 audiri
397 3630 512 3668 necesse
528 3621 599 3670 eret.
639 3619 682 3685 is,
699 3628 751 3680 quo
765 3615 1010 3681 c.1os.1nlosan
1020 3619 1055 3671 ob
1068 3620 1159 3675 Ocea-

128 3685 266 3749 signisque
287 3686 464 3748 militaribus]
495 3687 597 3739 Cuius·-
636 3685 1161 3751 nomiliottepaosstttmnxxxdnitile-

76 3755 149 3806 morli
159 3767 194 3805 ea
203 3754 313 3820 luerint,
327 3755 492 3818 chamus.
508 3757 597 3808 Etiam
638 3769 708 3809 nom
720 3755 845 3819 influere,
856 3760 982 3812 ostencit.
1018 3762 1059 3809 Ac
1071 3758 1097 3809 sl
1109 3759 1159 3826 ite,

77 3825 220 3874 Gallorum
233 3824 313 3886 signe
331 3825 462 3876 militarie
478 3839 597 3878 comme-
637 3829 669 3878 nt
682 3826 710 3876 in
721 3827 784 3876 adn·
797 3827 834 3877 atl
847 3839 871 3877 c.
885 3831 903 3878 9
917 3827 972 3888 §.a
989 3829 1160 3879 demonstre-

76 3896 235 3960 morantur,
257 3904 313 3947 non
329 3895 520 3948 deseribuntur
533 3897 561 3964 7,
580 3898 598 3947 2
639 3904 697 3948 tum
708 3902 761 3961 est,
775 3907 834 3945 rem
846 3895 874 3945 in
887 3897 999 3951 sinistra
1011 3901 1088 3962 parte
1098 3899 1159 3948 Mo-

77 3963 108 4012 et
119 3961 167 4014 88.
641 3978 689 4017 sac
703 3971 810 4030 gestam
823 3973 965 4032 putamus,
983 3967 1099 4019 omnium
1113 3979 1160 4017 re·

131 4029 159 4091 S.
172 4033 198 4081 2.
224 4031 260 4082 ad
272 4032 451 4082 confluentem
461 4032 600 4084 Monaesi
641 4048 703 4088 rum
722 4032 871 4096 probabilis
885 4035 978 4086 existit
996 4036 1163 4089 convenien-

79 4100 182 4163 ltlteui]
199 4112 240 4152 sc.
252 4097 370 4154 alveum.
388 4101 458 4155 Nem
469 4104 539 4169 quoi
553 4102 601 4156 clii
642 4103 701 4173 tie,
724 4115 776 4157 uec
795 4115 911 4170 usquam
929 4112 978 4177 aut
996 4118 1090 4162 secum
1105 4105 1165 4168 ipse
