2572 4688
78 244 163 297 mv
445 173 811 310 raaeuarros
892 326 897 335 ¹

83 411 308 483 adunatum
335 413 542 504 pertineret,
574 434 693 495 uorem
715 413 823 483 tuieeo
842 419 995 500 oons'tat,
1023 416 1177 491 alteram

84 517 129 589 ad
148 517 368 601 imitationem
390 520 577 602 annalium,
606 519 667 608 qui
688 518 825 595 maximi
841 519 1042 589 dicebantur
1063 525 1101 586 ot
1115 516 1190 589 uess.

84 644 152 712 que
180 621 223 689 ad
250 620 293 691 P.
319 619 467 688 Mucium
497 623 689 713 pontificem
718 623 899 691 maximum
926 624 1057 693 littorio
1078 645 1178 690 man·

85 726 163 797 dari
176 749 196 793 a
210 725 367 816 pontifioo
383 733 645 808 ooneuovorant,
663 725 857 821 institutam
868 726 1052 798 exietimeo.
1072 772 1075 779 -
1095 726 1178 794 An·

86 829 219 917 tiquam
248 828 350 896 etiam
371 831 492 896 retulit
514 851 659 911 morem,
686 835 726 897 ut
747 853 816 919 quo
840 854 954 898 menae
974 831 1087 899 laeoee
1108 851 1180 909 non

87 931 246 1019 baberet,
278 954 440 1001 aeeoneue
461 941 540 1001 ante
562 955 638 1001 oum
653 931 744 1028 iret,
769 935 909 1021 lictores
925 934 1000 1004 eina
1020 923 1108 1005 la'oe'

87 1056 156 1105 uon
182 1034 459 1124 quemadmodum
482 1037 589 1104 adhue
611 1035 709 1111 solid
731 1047 848 1122 arant,
876 1047 953 1109 aute
973 1039 1085 1117 bert,
1113 1059 1153 1105 ee

89 1159 179 1226 pono
193 1147 426 1229 sequerentur.
464 1136 550 1208 Item
572 1140 694 1228 primia
712 1143 795 1215 euni
814 1134 933 1210 diebus
947 1144 1061 1227 legero
1077 1161 1177 1228 agra-

89 1242 197 1325 riam,
219 1244 285 1311 iam
303 1253 379 1332 ente
391 1252 647 1334 praeparatam,
671 1265 738 1339 qua
759 1244 960 1314 universum·
975 1236 1093 1330 agrum
1112 1266 1179 1334 pu·

90 1345 217 1427 blioum
240 1345 359 1415 ltaliae
382 1342 518 1438 praetor
539 1349 764 1437 Campanum,
797 1349 858 1436 qui
884 1356 1026 1440 propter
1053 1344 1179 1415 fertili·

92 1455 198 1521 tatem
212 1450 460 1541 excipiebatur,
488 1459 525 1518 et
542 1452 666 1540 reliqui
686 1461 837 1534 tantum,
863 1458 1024 1542 quantum
1040 1471 1179 1542 posses-

78 1576 190 1627 ¹norae
216 1550 328 1651 pretio
353 1554 536 1643 qeeuudum
566 1556 831 1628 aestimationem
858 1557 895 1624 io
921 1578 1025 1627 oanan
1051 1557 1179 1623 laetam

92 1657 228 1750 publiea
259 1658 465 1731 numerando
499 1660 644 1731 vendere
670 1663 815 1743 vellent,
847 1682 910 1751 por
939 1661 1059 1749 viginti
1087 1664 1180 1731 vireo

92 1763 250 1832 omnihus
271 1764 401 1832 oivibue
422 1765 536 1851 ogerio
554 1762 744 1846 dividebat,
771 1763 807 1830 in
827 1772 947 1830 uenatu
969 1766 1129 1833 recitavit
1145 1772 1182 1832 ot

30 1868 33 1873 ’
93 1866 292 1938 nominatim
316 1888 586 1955 unumquemque
614 1866 850 1953 interrogavit,
878 1869 1042 1959 numquid
1063 1890 1182 1958 repre

36 2012 42 2021 -
94 1966 278 2052 benderet,
296 1990 381 2059 qnae
397 1968 618 2056 dieplioereut
630 1991 668 2045 aa
684 1971 737 2039 rol
753 1977 959 2038 mutaturum
972 1964 1029 2041 'vol
1045 1971 1181 2039 omuino

90 2070 313 2141 'indueturum
333 2073 546 2162 promittere.
586 2073 639 2142 Re
662 2070 869 2162 aliquamdiu
891 2073 928 2140 in
949 2081 1070 2142 senatu
1091 2081 1187 2159 aeta,

96 2198 172 2247 oum
193 2177 375 2267 optimates
391 2198 529 2266 ,seraper
551 2198 588 2243 ee
611 2184 767 2247 auotoreo
788 2176 924 2245 loturos
939 2178 1196 2271 pollicerentur,¹

6 2337 11 2351 .
96 2302 158 2355 aee
188 2281 358 2371 premiere
386 2286 536 2362 etaraot,
565 2277 653 2349 (lato
675 2302 753 2349 vero
777 2282 978 2370 simpliciter
1000 2301 1085 2347 nova
1106 2282 1182 2367 lege

96 2407 184 2476 opue
205 2407 280 2453 oeae
302 2392 457 2471 negaret,
484 2384 570 2456 buno
591 2382 720 2457 Caesar
740 2384 776 2453 in
791 2407 959 2453 oaroerem
975 2383 1054 2450 duei
1069 2383 1184 2466 iueeit,

98 2512 179 2567 mox
205 2489 297 2559 baud
325 2496 463 2577 gravate
491 2495 644 2572 euntem,
677 2510 753 2562 oum
783 2491 883 2564 multi
910 2495 1102 2556 senatorum
1128 2509 1183 2564 oe·

97 2603 300 2686 querentur,
332 2615 399 2665 una
420 2615 493 2667 eum
517 2598 638 2660 senatu
660 2591 791 2659 dimieit
811 2594 987 2680 legemque
1010 2591 1054 2660 ad
1076 2613 1185 2680 popu-

97 2702 170 2771 lum
191 2700 275 2772 tulit
295 2707 331 2766 et
348 2696 613 2783 suffragantibus
634 2694 796 2785 Pompeio
817 2705 854 2764 et
877 2695 1004 2767 Crasso
1026 2697 1185 2787 pertulit,

99 2805 365 2877 obnuntiantem
386 2802 549 2888 collegam
568 2802 673 2883 armie
690 2801 765 2869 loro
787 2802 963 2891 expulsum
985 2801 1024 2867 ad
1045 2807 1184 2890 postero

100 2911 157 2981 die
177 2915 297 2978 eenatu
319 2912 538 2994 oonqnoetum
560 2926 621 2973 noo
643 2926 810 2994 quoquam
830 2914 986 2996 reperto,
1009 2905 1067 2993 qui
1081 2924 1187 2993 super

100 3014 167 3087 tali
189 3012 459 3081 emetarnatiooo
485 3009 614 3103 referre
643 3012 702 3078 aut
723 3031 861 3077 eernere
881 3005 1010 3097 aliquid
1032 3006 1186 3090 auderet,

99 3119 137 3190 in
153 3138 227 3187 eam
243 3116 354 3204 ooegit
371 3111 656 3204 desperationem,
676 3118 715 3179 ut
728 3135 790 3204 por
804 3110 916 3181 dorem
930 3134 1061 3181 menaea
1072 3109 1186 3200 quoad

99 3226 271 3317 potestate
289 3212 429 3299 abiret,
458 3215 557 3287 domo
585 3215 723 3283 abditur
751 3216 836 3285 nibil
859 3215 972 3293 aliud,
1000 3238 1101 3304 quam
1123 3238 1187 3307 per

99 3325 213 3397 ediota
234 3320 469 3402 obnuntiareta
496 3317 621 3407 quibua
641 3319 762 3387 odietis
784 3319 930 3406 Caesar,
960 3320 1043 3391 lieet
1067 3328 1187 3388 contu.

100 3426 342 3502 melioeieeima
360 3428 497 3506 oeeert,
526 3443 588 3488 neo
610 3419 776 3490 deterreri
797 3424 909 3514 potuit
921 3445 982 3490 neo
1000 3423 1187 3515 prohiberi,

99 3557 169 3628 qno
196 3533 307 3605 minue
334 3526 445 3602 omnia
452 3575 470 3610 ,.
493 3545 580 3618 quae
600 3526 723 3610 vellet,
750 3550 812 3618 per
832 3529 994 3619 populum
1014 3527 1188 3599 othonus,

101 3661 168 3732 que
184 3638 294 3732 plebio
310 3634 485 3724 maximam
499 3637 633 3722 partam
641 3631 713 3718 ipsi
728 3627 861 3704 deditae
879 3632 1068 3721 perficeret.
1112 3631 1189 3706 Ita,

102 3769 171 3835 que
194 3751 229 3812 ot
247 3735 693 3833 publioanieflremiasiouem
716 3726 1054 3807 tortiaemeroedum
1075 3736 1188 3825 partie

103 3858 141 3918 ot
160 3846 375 3922 Ptolomaeo,
402 3840 476 3926 rogi
496 3836 747 3920 Alexandrino,
773 3838 969 3909 eooietatem
986 3840 1104 3930 populi
1117 3839 1188 3909 Ro-

102 3951 196 4021 mani
215 3954 251 4016 et
270 3945 313 4018 P.
333 3942 452 4023 Clodio
473 3942 516 4012 ad
537 3941 668 4032 plebem
688 3941 920 4013 transitionem
943 3950 979 4010 at
998 3942 1063 4014 co.
1085 3940 1189 4010 Pom-

104 4057 181 4152 peio
202 4054 237 4130 io
258 4050 346 4125 Anio
370 4038 521 4153 aetorum
541 4045 825 4131 confirmatiorem
846 4046 979 4134 legibue
1000 4047 1054 4118 rol
1072 4066 1135 4138 par
1150 4067 1189 4125 ee
