2572 4688
143 290 173 359 ⁴
394 286 469 359 DE
494 284 679 359 butio
709 278 963 359 suti-ico
1143 280 1150 313 '

147 473 342 546 nuntiantur
355 475 527 545 Garumna
540 476 696 558 flumine,
717 474 872 557 Oceano,
898 471 1025 542 finibus
1038 468 1243 557 Belgarum

152 564 291 648 attingit
312 565 414 631 etiam
433 565 476 630 ab
501 563 667 652 Sequanis
686 571 723 630 et
740 563 908 630 Helvetiis
925 562 1049 628 flumen
1063 559 1244 640 Rhenus

109 653 132 723 ὅ
153 653 263 738 vergit
273 650 317 718 ad
331 651 590 741 septentriones.
650 650 778 737 Belgae
790 652 833 717 ab
845 650 1003 717 extremis
1014 648 1151 715 Galliae
1166 646 1245 711 ltm-

151 738 398 822 inmoriuntur,
421 735 842 829 pertinentadinieriorem
855 733 1246 826 partemfluminislihe-

109 829 132 892 6
153 829 206 908 ni3
229 833 384 917 spectant
397 827 431 892 in
444 827 703 916 septentrionem
718 834 755 895 et
767 827 929 892 orientem
944 826 1063 892 solem.
1127 821 1244 908 Aqui-

150 915 243 982 tania
273 916 295 979 a'
313 914 484 980 Garumna
507 914 643 981 flumine
670 913 713 979 ad
734 912 928 1003 Pyrenaeos
952 920 1083 978 montes
1108 916 1145 975 et
1166 928 1241 974 eam

148 998 555 1159 litibttttbtltt
566 999 820 1179 {tibitibi
822 1003 900 1084 Μ’
919 999 1085 1091 ”⁸'‘⁵¹¹⁸‘³
1106 1000 1243 1086 .„.....

219 1230 247 1294 s.
260 1228 287 1282 i.
320 1232 444 1291 oceano]
468 1232 500 1283 ln
515 1235 593 1285 coil.
611 1241 653 1285 est
665 1245 803 1285 oceanum
818 1232 880 1290 (vel
892 1231 1059 1289 atomum)
1077 1238 1139 1277 ΜΝ
1152 1223 1241 1276 ¹⁰⁸⁶?-

152 1350 155 1357 ,
184 1303 330 1367 punctione
353 1310 415 1365 post
439 1301 569 1368 ottinpit.
602 1303 776 1365 Attalium,
801 1300 845 1365 qui
862 1300 1036 1351 necessarius
1052 1298 1111 1361 est,
1135 1294 1241 1357 primus

150 1422 155 1443 ἓ
185 1372 261 1435 debit
284 1372 388 1437 Aldus,
412 1369 544 1421 incertum
561 1385 597 1421 ex
614 1373 784 1434 coniectura,
809 1382 845 1419 an
861 1380 896 1419 ex
913 1369 1016 1419 codice.
1049 1366 1173 1417 Eundem
1189 1377 1240 1413 ex-

150 1484 154 1491 .
184 1440 287 1504 pressit
307 1442 508 1502 metaphrastes
530 1443 579 1491 sei
597 1437 637 1506 aqi
657 1433 828 1503 Ἀτλαντικῷ
844 1431 968 1501 Ὠκεανῷ
983 1448 1103 1500 ponens,
1128 1432 1241 1483 omissis

182 1512 275 1561 nmen
296 1506 399 1575 furibus
421 1511 597 1576 Betporomt
626 1522 785 1573 quamquam
803 1507 880 1557 buius
898 1506 1048 1557 auctoritas
1064 1511 1108 1554 est
1124 1500 1240 1566 perexi-

165 1576 247 1649 -gue,
290 1579 366 1639 ouon
390 1577 460 1629 ond.
483 1580 596 1631 oceano
613 1579 692 1631 niori
709 1580 837 1639 scriptum
856 1588 874 1627 a
890 1575 1010 1626 caesare
1034 1572 1240 1636 suspicabatur,

176 1646 239 1703 'non
259 1638 435 1708 improbabile
452 1657 542 1713 esset,
564 1651 641 1700 molo
658 1650 751 1699 littera
767 1645 899 1709 singulari
912 1656 996 1695 naara
1013 1642 1097 1693 scribi
1115 1652 1134 1691 a
1150 1640 1240 1690 tibru-

182 1717 233 1771 riis
251 1717 362 1784 soleret,
381 1722 428 1766 ant
453 1730 471 1766 o
492 1715 594 1781 finibno
617 1718 646 1770 iu
667 1718 745 1770 bouis
761 1717 840 1769 libris
852 1712 1010 1779 legeretur,
1034 1712 1105 1777 quod
1122 1709 1192 1760 Onu.
1209 1707 1239 1759 in

182 1785 341 1850 quibusdam
358 1786 468 1835 exstare
486 1786 560 1837 dicit.

218 1855 253 1904 ab
276 1853 422 1915 Sequanis]
451 1868 472 1905 o
487 1857 553 1921 Sep.
579 1855 628 1906 Dr.
645 1855 675 1906 B.
691 1856 772 1908 Vrat.
790 1851 875 1907 AOD.
891 1852 971 1905 Goth.
989 1849 1020 1900 a.
1036 1846 1135 1899 llamb.
1151 1845 1240 1895 Bonu-

181 1920 267 1974 vinu.
285 1921 339 1970 cl).
358 1922 410 1971 duo
427 1923 570 1990 sambuci,
595 1938 665 1974 unus
682 1924 777 1975 Vrsini
797 1934 825 1976 et
841 1924 905 1975 vet.
924 1934 986 1972 cum
1002 1918 1082 1968 edilis
1099 1915 1240 1979 plerisque

152 2050 155 2055 ,
182 1998 247 2043 aute
265 1991 351 2053 Qud„
376 1988 422 2054 qui
438 1992 520 2043 tacite
538 1992 650 2054 scripsit
666 1993 700 2043 ab
716 1996 747 2045 S.
765 2007 816 2045 nea
834 1992 914 2043 aliter
931 1989 1048 2041 Aimoiu:
1064 1992 1093 2037 et
1109 1985 1204 2045 steph.

218 2058 246 2120 S.
261 2058 287 2109 5.
323 2061 545 2121 septentrionem]
570 2061 622 2111 -Ita
644 2063 727 2125 Bong.
751 2064 786 2111 A.
810 2062 868 2112 Pet.
894 2061 953 2111 Pal.
976 2060 1061 2119 Bong.
1077 2052 1111 2105 0.
1129 2054 1183 2103 Gu·
1207 2057 1238 2101 et

165 2138 277 2191 ,omues
295 2137 371 2179 ame
390 2120 483 2193 collati
502 2142 563 2180 cum
580 2129 651 2179 Aim.
668 2138 695 2180 et
711 2134 778 2182 Met.
797 2124 879 2196 (apic
895 2121 1010 2193 ἄρκτον)
1027 2123 1160 2187 editisque
1172 2128 1238 2173 erte

181 2197 299 2261 Alium,
316 2195 364 2257 uui
381 2198 514 2258 pluralem
532 2199 822 2263 pommeranorum
840 2199 962 2249 omnibus
980 2202 1130 2247 servatum.
1164 2191 1237 2242 our.

182 2266 216 2317 ue
234 2265 292 2314 suu
310 2265 387 2315 coru.
405 2266 431 2315 a.
448 2266 468 2316 l.
484 2266 566 2330 nanti,
596 2269 646 2319 seu
660 2269 688 2318 in
704 2271 765 2320 aun.
783 2272 820 2321 au
837 2264 895 2326 it
911 2266 992 2316 euram
1009 2266 1054 2314 uic
1069 2262 1238 2325 naumurum

151 2334 209 2401 ”a
232 2346 265 2383 se
290 2342 428 2394 repertum
457 2334 610 2400 signiticat3
643 2351 722 2401 quem
744 2351 806 2389 cum
828 2335 962 2399 Virgilius
981 2341 1009 2383 et
1032 2330 1138 2385 Plinius
1163 2329 1238 2379 baud

150 2400 261 2476 j„rinbie
277 2402 450 2469 usurparint,
478 2404 582 2456 Caesar
599 2405 680 2456 etiem
699 2409 726 2455 b.
742 2407 761 2456 l.
779 2406 879 2469 semel,
910 2406 1028 2456 tortasse
1045 2415 1080 2451 ne
1096 2408 1140 2449 ter
1155 2397 1237 2449 dein-

149 2534 168 2545 ..
180 2481 247 2532 ceps
269 2471 482 2590 septentriones
503 2473 621 2544 moeret,
645 2476 788 2529 admisisse
809 2477 839 2531 in
860 2478 936 2527 tanto
956 2473 1079 2524 comeum
1097 2480 1236 2520 conflenti!

179 2544 288 2591 statura
307 2552 340 2590 us
357 2547 410 2591 est.

213 2605 241 2670 s.
253 2610 280 2658 6.
315 2616 343 2658 et
356 2611 430 2669 cam]
452 2613 483 2663 st
494 2613 533 2664 nd
546 2626 610 2667 eom
627 2614 710 2665 Voss.
724 2613 802 2666 Alto.
816 2614 894 2666 carr.
908 2621 935 2664 et
948 2612 1001 2663 dno
1014 2608 1064 2662 alli
1078 2607 1150 2668 apud
1164 2606 1235 2657 Oui.

150 2680 153 2685 '
179 2676 230 2729 Dr·
247 2679 278 2727 B.
296 2679 380 2745 Bong.
396 2678 428 2729 0.
445 2681 525 2732 Vinci.
543 2684 575 2733 p,
594 2686 664 2738 ilar.
682 2687 717 2734 A.
734 2691 763 2734 et
777 2685 902 2751 -Aimoin
920 2683 1067 2733 secundnm
1082 2679 1237 2728 Hotoman-

179 2758 245 2797 num
268 2750 345 2806 (nam
362 2750 433 2810 apud
451 2751 617 2814 &aquatum
633 2768 660 2816 p.
674 2753 708 2803 25
732 2753 765 2802 D.
783 2754 821 2804 oo
840 2766 894 2805 non
911 2754 1018 2810 exstat]
1041 2748 1112 2813 quod
1128 2743 1237 2805 recepit

177 2823 242 2880 post
267 2815 409 2881 Davisium
435 2818 502 2870 oud.
516 2826 546 2873 2.
569 2823 711 2885 ornetque
728 2822 836 2873 silentio
854 2826 888 2875 de
906 2824 989 2884 Boug.
1005 2821 1039 2868 Α.
1057 2814 1234 2867 plnscbklus.

177 2884 259 2935 Amat
276 2885 382 2937 Caesar
400 2885 531 2953 eiusmodi
546 2888 731 2955 iterationem,
755 2894 803 2942 seu
823 2895 851 2943 h.
867 2894 903 2957 l.‚
930 2903 992 2940 cum
1008 2885 1101 2938 statim
1118 2884 1235 2935 eandem

176 2953 403 3019 praepositionem
417 2957 555 3019 positurus
573 2963 664 3025 esset,
693 2960 858 3013 abstinuisse
875 2972 909 3011 ea
926 2959 1044 3009 videtur.

151 3088 160 3095 ..
185 3080 189 3089 Ι
212 3024 271 3083 est]
300 3025 359 3076 lloc
382 3023 411 3076 iu
426 3027 485 3090 eun.
502 3035 565 3092 post
583 3030 733 3095 principem
749 3038 865 3094 excepta
880 3030 986 3091 incerta
1003 3023 1126 3076 omnibus
1147 3032 1234 3085 pree·

196 3156 231 3210 ab
251 3158 384 3224 Sequanis
403 3171 432 3213 et
443 3164 596 3227 Helvetiis]
618 3165 666 3217 Si·
708 3168 773 3219 tere
785 3167 909 3232 dentre,
926 3164 1062 3228 tinnire,
1084 3176 1103 3214 c
1117 3160 1232 3229 fronte,

143 3232 191 3277 cut
211 3230 243 3293 3,
267 3230 301 3277 26
327 3233 437 3283 clamor
460 3235 495 3286 ab
518 3249 554 3287 so
576 3238 665 3301 parte
706 3236 1025 3302 nominenumine,
1047 3231 1083 3285 ab
1102 3233 1232 3295 utroque

142 3294 262 3378 nuditus
282 3297 396 3364 «licitur,
420 3303 464 3365 qni
481 3306 515 3355 ab
530 3317 565 3356 ea
585 3313 664 3366 parte
707 3319 816 3371 cornu,
839 3308 874 3359 ab
893 3307 1050 3356 decumano
1067 3303 1173 3364 porta,
1195 3296 1231 3349 ab

143 3374 222 3429 quesn
248 3367 376 3426 prodiens
396 3372 430 3420 ad
451 3386 533 3424 aures
554 3374 664 3439 accidit,
705 3376 791 3442 terpo
811 3390 882 3427 esse⁴
894 3376 940 3425 vel
961 3373 1021 3424 fieri
1039 3372 1166 3421 dicuutur
1186 3379 1233 3429 ou,

143 3438 172 3481 et
182 3434 220 3497 l,
235 3431 269 3515 83
298 3451 317 3516 o
340 3441 581 3502 septentrionibus
603 3444 665 3493 cot-
707 3458 776 3509 quae
801 3445 870 3496 inde
894 3443 1085 3506 conspicienda
1110 3438 1232 3491 sese-et

142 3498 181 3550 its
194 3509 253 3582 est,
269 3514 346 3555 curus
363 3509 560 3568 specicsillinc
575 3513 664 3563 oculis
705 3514 946 3564 animadvertenda
977 3510 1108 3575 praebent
1137 3509 1166 3559 et
1197 3518 1229 3557 re

140 3568 285 3654 obiicitur,
301 3577 329 3623 et
346 3575 427 3625 lllrttl
444 3578 526 3628 Alex.
541 3582 556 3629 1
579 3584 664 3644 patus
704 3582 768 3646 ipsa
778 3583 817 3631 tbi
828 3586 891 3633 snut
903 3584 950 3633 vel
964 3583 1041 3634 finnt.

140 3650 161 3690 o
178 3642 301 3693 meridie
320 3640 492 3711 interiecto,
515 3662 585 3711 quae
600 3650 663 3699 inde
758 3651 785 3713 s.
798 3654 824 3701 6.
858 3653 986 3715 quaeest
1002 3641 1228 3709 edllispeoiam]

139 3710 273 3760 accedere
286 3714 321 3762 nu
333 3714 426 3765 urbam
435 3728 548 3780 eamque
559 3719 664 3770 intrare
705 3717 749 3771 (tt.
771 3733 796 3770 c·
813 3722 848 3774 7:
871 3722 1005 3786 pontem,
1030 3716 1080 3784 qul
1099 3716 1169 3767 erut
1187 3713 1228 3764 ad

141 3775 299 3830 videbatur:
322 3783 363 3831 sic
379 3785 436 3834 inl.
451 3786 543 3838 Gallia
557 3786 663 3839 Celtica
703 3789 841 3840 Genuum.
874 3790 983 3857 5,1a:
1011 3787 1154 3852 capatus,
1176 3781 1230 3849 qui

140 3843 277 3907 tangentis
299 3851 398 3902 ilumeu
422 3855 544 3906 Rhenum
568 3858 662 3908 terrae
704 3858 957 3911 minocentium.
991 3858 1030 3908 lb.
1043 3868 1067 3905 c.
1081 3857 1132 3904 22:
1149 3852 1228 3904 Ocri·

140 3912 260 3994 spectem
291 3919 326 3968 ab
345 3921 477 3985 &queuis
504 3928 533 3976 et
556 3925 662 3977 Helve-
704 3927 790 3993 tium,
816 3928 1017 3994 quadrarent
1033 3934 1115 3975 mors
1133 3933 1229 3989 supro

139 3981 553 4066 ⁸¹¹⁵s'35118b08'11511ffl0,
579 4008 661 4060 ouem
703 3997 973 4050 demonstravimus.
1024 3995 1085 4046 clv.
1109 3994 1145 4059 8,
1174 3994 1227 4046 16:

137 4050 255 4115 Sequani
285 4064 314 4106 et
344 4058 466 4114 Helvetii
495 4063 659 4133 incolebant,
702 4063 1177 4126 &esar-erataaflmrntnnr.

136 4118 256 4176 ouante
277 4125 385 4184 uetur.
424 4132 557 4193 suuni
573 4148 595 4193 a
611 4137 660 4193 u·
751 4137 1120 4208 cruentatorum
1130 4143 1183 4186 nu
1196 4127 1226 4186 u
