2572 4688
391 283 497 358 tiu.
524 283 575 361 11.
619 282 741 357 GAP.
767 289 814 359 lo
1078 282 1152 359 tlt

60 482 293 570 expugnarent
306 482 508 568 pontemque
520 474 821 545 interscinderentt
842 472 999 543 siminus
1014 473 1152 564 potuis·

61 574 156 653 sent,
192 588 293 655 agros
321 565 501 632 Remorum
529 566 790 656 popularentur,
818 567 877 652 qui
899 582 1018 649 magno
1046 561 1151 629 uobis

61 655 140 723 usui
166 654 211 721 ad
236 653 362 720 bellum
388 652 568 741 gerendum
590 659 703 735 eraut,
735 658 988 740 commeatuque
1009 656 1151 716 nostros

60 742 294 834 prohiberent.
395 747 449 811 10.
491 740 619 810 Caesar
646 740 773 806 eertior
799 740 911 806 iactus
941 738 984 805 ab
1007 735 1151 804 Titurio

61 851 193 900 omnem
214 827 401 919 equitatum
423 834 461 895 et
478 829 563 897 levis
583 834 775 895 armaturae
791 825 978 908 Numidas,
998 822 1152 894 fundito-

131 1008 157 1059 si
176 1004 279 1066 minus]
303 1005 374 1055 Ante
388 1004 531 1058 oud..erat
548 1003 595 1056 sia
608 1003 721 1074 maus,
737 1003 807 1071 quod
818 999 866 1055 ille
880 1003 1027 1054 secundant
1043 996 1151 1069 „lm

95 1072 251 1131 meliores“
274 1075 400 1126 mutam.
435 1077 471 1126 Et
490 1077 531 1138 st,
553 1088 607 1127 non
626 1077 689 1140 sia,
710 1089 754 1125 ex.
770 1076 851 1128 Febr.
871 1073 899 1124 iu
917 1073 979 1125 Pet.
992 1073 1076 1135 Bong.
1088 1069 1152 1121 atu.

96 1150 183 1201 Voss.
203 1147 239 1197 A.
257 1146 349 1208 Eum,
373 1145 501 1196 ciuilius
520 1146 550 1195 iu
569 1146 639 1207 leeg.
651 1147 734 1196 voss.
747 1147 798 1209 Ν.,
821 1144 883 1194 lllb.
900 1141 928 1192 in
941 1142 1014 1193 llav.
1026 1142 1060 1190 A.
1075 1140 1152 1191 ecri-

97 1221 174 1279 pturn
193 1216 338 1265 testantur.
372 1215 425 1265 Sed
445 1227 479 1264 ex
497 1214 565 1265 meis
585 1215 633 1265 Dr.
654 1216 709 1265 ΑΒ.
729 1215 809 1265 Vrot.
830 1212 882 1263 lic.
902 1211 981 1261 Goth.
1000 1210 1031 1260 B.
1050 1206 1153 1259 llamb.

96 1286 182 1337 Boun.
201 1283 284 1334 Vind.
305 1282 360 1345 lili.
386 1281 433 1333 siu
454 1283 588 1332 exhibent.
623 1284 719 1346 Itaque
738 1282 855 1334 dubitari
869 1287 975 1349 potest,
997 1288 1153 1342 utrnmprc

97 1368 167 1406 vero
182 1352 330 1401 babendum
344 1351 389 1401 sit.
423 1353 455 1401 ln
468 1352 539 1404 ven.
552 1352 573 1402 t.
588 1353 738 1404 coniunctio
751 1353 853 1404 omissa
864 1357 916 1401 eet.

131 1429 337 1482 commeatuque
362 1423 471 1475 nosnos
498 1421 683 1483 prohiberent]
717 1424 947 1485 commeatusque
965 1431 995 1468 a.
1014 1429 1045 1481 p.
1064 1417 1154 1468 codex

97 1489 262 1543 llutomanni
281 1496 310 1539 et
327 1489 474 1557 Stephani,
498 1500 568 1542 uuus
586 1491 708 1553 alterque
728 1490 864 1543 recentior
877 1490 945 1545 Oud.
960 1493 988 1537 et
1002 1487 1151 1536 secumdum

99 1575 143 1611 ex.
155 1561 240 1612 Febr.
256 1560 326 1609 Lov.
343 1560 435 1622 (quern
454 1567 543 1611 tamen
557 1559 624 1609 0ud.
639 1561 674 1611 ad
691 1560 811 1613 Frontiu.
826 1565 852 1610 3.
871 1559 919 1621 15,
937 1559 955 1608 3
972 1555 1150 1607 commeatts-

100 1643 154 1696 que
166 1632 260 1681 tenera
273 1628 370 1687 tradit)
387 1636 416 1678 et
429 1629 487 1680 0rt.
501 1628 565 1679 item
577 1628 656 1680 Vrat.
670 1628 701 1679 0.
713 1629 794 1680 uota.
809 1630 840 1678 li.
853 1635 881 1679 et
894 1628 953 1678 edd.
967 1634 1030 1677 aute
1042 1625 1115 1674 Ven.
1126 1623 1150 1672 t.

98 1700 329 1763 commeatusque
347 1700 465 1748 uestros
483 1698 708 1763 prolaberentur
727 1700 776 1750 Dr.
795 1699 827 1749 ll.
850 1697 1079 1759 commeatumque
1095 1704 1151 1743 uo·

96 1773 179 1820 atros
192 1766 372 1818 sustinebant
386 1768 448 1817 ΑΙᾱ.
462 1777 490 1817 et
503 1781 560 1831 sqq.
574 1768 687 1828 excepto
701 1771 791 1831 steph.
803 1774 846 1833 et,
870 1768 915 1832 qul
935 1765 1150 1826 commeatuque

95 1841 217 1890 austros
229 1837 408 1888 trutinabant
423 1837 523 1902 edidit,
538 1838 624 1888 Vuae.
636 1851 721 1900 usque
735 1840 770 1888 ad
784 1838 862 1901 Oud,
879 1835 924 1900 qui
937 1843 1013 1886 recte
1027 1833 1149 1895 scriptu·

97 1921 158 1960 ratu
170 1908 243 1958 Ven.
255 1906 276 1956 t.
295 1908 323 1955 et
338 1906 431 1968 stapla.
445 1913 521 1957 tanta
534 1905 654 1956 codicum
668 1907 829 1959 auctoritate
842 1906 975 1957 firmatam
991 1910 1021 1952 et
1033 1902 1069 1956 ad
1081 1912 1149 1951 sen-

97 1991 159 2027 sum
178 1975 419 2026 commodissimam
438 1976 555 2025 Aldinae
575 1976 722 2045 praetulit,
743 1979 792 2027 sed
808 1986 949 2038 perperam
967 1974 1037 2023 hane
1056 1968 1084 2021 in
1095 1969 1150 2020 el-

98 2046 127 2098 di
149 2043 261 2095 olicino
285 2051 380 2094 natam
403 2045 516 2106 opinans
543 2045 764 2096 contumeliosius
782 2045 884 2096 babuit.
925 2045 1024 2095 Exstat
1042 2052 1077 2091 ea
1092 2039 1149 2093 ian

99 2116 169 2178 apud
182 2112 379 2173 Flodoardum,
397 2114 442 2176 qul
454 2114 547 2164 codice
560 2126 629 2163 usus
642 2123 685 2165 est
700 2114 837 2165 simillimo
848 2112 930 2165 Viud.
945 2115 999 2179 A„
1022 2117 1051 2159 et
1069 2107 1150 2160 vide-

99 2194 145 2235 tur
164 2184 194 2233 iu
214 2183 435 2245 premeridibus
455 2184 489 2235 ad
509 2196 604 2249 usum,
627 2197 706 2247 quern
723 2183 802 2237 Remi
821 2182 950 2235 Romanis
976 2180 1148 2246 praeberent,

98 2252 307 2318 significandum
325 2251 414 2314 posita
432 2251 463 2302 in
482 2250 696 2320 commentario,
720 2254 783 2316 quia
798 2255 879 2316 paulo
897 2250 1055 2302 insolentior
1068 2256 1150 2311 atque

99 2321 231 2375 audacior
243 2327 333 2386 esset,
351 2333 412 2371 cum
425 2322 514 2371 altera
526 2324 677 2383 permutata
689 2335 761 2373 esee.
795 2323 1020 2384 Quemadmodum
1033 2328 1151 2383 muuue,

98 2391 265 2458 capotium,
284 2401 441 2454 personam
462 2392 608 2442 sustinere
626 2392 650 2444 is
668 2391 783 2456 dictur,
799 2391 845 2455 qul
859 2403 945 2443 onera
960 2402 1021 2441 curn
1034 2385 1156 2440 aduini-¹

98 2461 233 2513 stratisue
251 2458 372 2509 muneris
393 2459 561 2523 gerendoque
574 2461 681 2523 negotio
695 2467 723 2509 et
737 2472 855 2525 persona
866 2461 1008 2510 coniuncta
1022 2455 1150 2521 sustinet,

98 2532 195 2582 eodem
213 2529 292 2578 ruodo
310 2527 389 2578 Remi
406 2531 580 2579 commeatus
596 2530 744 2580 sustinere
755 2529 808 2580 dici
819 2536 943 2590 poterant
957 2527 1151 2592 Romanorum,

98 2601 149 2650 sed
161 2612 181 2650 a
195 2598 385 2648 contuetudlue
398 2598 522 2661 loquendi
536 2608 590 2647 nou
604 2598 693 2648 minus
711 2598 872 2663 recedebat,
896 2609 975 2662 quam
991 2595 1017 2645 si
1032 2595 1153 2645 Germa-

97 2670 160 2721 nice
179 2668 256 2718 uices
276 2661 310 2730 sse
333 2667 428 2733 augea
449 2663 488 2720 bie
508 2660 779 2732 uetprostaattraoa.
821 2667 916 2730 ltaque
932 2663 1043 2716 nautis
1055 2661 1153 2715 vetula

98 2747 129 2789 et
141 2739 178 2787 ad
190 2750 269 2787 usum
281 2748 446 2787 communem
458 2738 590 2788 traductis
601 2739 714 2788 eandem
726 2749 785 2786 rent
799 2736 984 2787 demonstrare
997 2733 1103 2785 maluit.

135 2804 205 2868 cap.
220 2807 265 2857 1⁰.
289 2805 316 2866 s.
333 2809 359 2856 1.
393 2806 510 2866 caesar]
542 2818 594 2857 otu.
613 2807 698 2857 codex
714 2804 834 2872 schotti,
857 2806 951 2856 decem
968 2803 1055 2868 oud,
1081 2810 1152 2864 quos

99 2873 173 2927 luter
189 2877 274 2938 Boug.
285 2878 320 2926 A.
337 2875 396 2925 Pet.
412 2876 471 2926 Pal.
484 2876 568 2926 Voss.
581 2876 614 2925 A.
628 2873 717 2942 uem,
735 2876 785 2925 Dr.
797 2874 831 2924 A.
844 2873 925 2927 Vrat.
938 2870 969 2924 0.
983 2870 1081 2923 flant.
1096 2870 1151 2919 Gn.

99 2945 134 2995 ln
154 2944 237 2995 Viud.
258 2944 292 2993 A.
310 2957 427 3006 superne
447 2945 566 2995 additum
586 2953 629 2995 est
647 2953 708 3006 post
729 2945 858 3010 certior,
881 2945 910 2995 in
928 2942 1003 2994 Leia.
1022 2943 1056 2991 A.
1072 2941 1152 3003 ligra.

99 3014 204 3064 duobus
218 3013 281 3063 aliis
295 3013 362 3064 ond.
376 3015 458 3064 Vrat.
470 3014 527 3062 All.
540 3015 620 3065 Goth.
632 3016 663 3063 tt.
679 3015 761 3065 Bonu.
776 3022 804 3062 et
819 3015 879 3062 edd.
892 3022 954 3064 ante
969 3011 1038 3061 Ven-
1052 3010 1074 3060 t.
1087 3015 1153 3072 post

98 3081 217 3133 Titurio
230 3079 360 3146 positum,
378 3095 430 3145 quo
443 3085 502 3134 loco
514 3085 598 3134 Voss.
612 3087 646 3134 A.
664 3083 830 3134 Ariouistus
843 3083 932 3134 babet.
961 3080 1068 3133 Caesar
1082 3089 1152 3130 cet·-

98 3150 161 3204 tior
174 3153 273 3218 factus
286 3152 345 3202 sine
359 3152 494 3202 varietate
508 3154 608 3217 legitur
619 3156 653 3215 3,
675 3156 707 3203 lo
725 3160 753 3201 et
766 3150 801 3217 t,
821 3151 857 3216 5,
877 3164 963 3214 neque
977 3151 1076 3202 abesse
1088 3160 1152 3211 pot-

99 3224 144 3271 est
157 3223 183 3269 lt.
197 3221 215 3268 l.
229 3232 338 3287 nomeu,
356 3222 424 3283 quod
438 3222 505 3271 oud.
520 3222 695 3285 probabiliter
709 3221 781 3286 sigla
795 3221 924 3284 sorlptun
936 3220 1024 3272 tuisee
1036 3219 1151 3284 ideoque

99 3298 164 3342 aute
177 3288 291 3341 certior
303 3291 438 3341 exciditne
453 3291 617 3356 auspicatur.

118 3458 361 3521 interscinderent]
392 3459 467 3512 ‚tlibi
489 3462 588 3515 tates·-
629 3471 736 3526 protum
755 3464 791 3513 ad
813 3464 874 3516 c.7
900 3464 1014 3529 docent,
1043 3459 1151 3524 equites

65 3531 414 3651 :matteum
440 3532 474 3583 ¹⁹
494 3529 588 3654 {2³⁴3
629 3532 717 3583 ‘⁰¹⁸⁵‘
817 3545 904 3654 {¹2⁰⁰
922 3529 1152 3650 ‘'l‘'i‘u‘llff

65 3674 95 3719 et
109 3669 144 3735 7,
163 3670 207 3721 58.
235 3613 517 3720 tetardusul'fa’muu
530 3635 588 3719 rde-
629 3613 1007 3736 gldfztddd'edtffled
1017 3612 1152 3736 lagidum,

64 3736 111 3787 dio
126 3746 205 3800 ponte
219 3738 320 3790 tactam
332 3739 477 3803 significat.
512 3738 587 3790 Pou-
630 3741 758 3805 calones,
774 3741 895 3805 equites,
908 3740 1076 3800 funditores,
1090 3739 1153 3790 Nn-

66 3806 123 3857 tetu
137 3806 335 3858 intersciudere
350 3809 493 3876 volebant,
517 3810 588 3872 quod
630 3808 720 3860 midae
734 3817 764 3858 ut
777 3811 891 3861 diversa
904 3819 1005 3873 genera
1022 3807 1152 3869 deinceps

67 3887 117 3945 pqr
147 3887 209 3926 euru
238 3885 405 3928 commeatus
432 3877 468 3927 ab
493 3877 588 3928 iternis
631 3879 811 3942 nominantur,
829 3886 883 3928 turn
896 3875 1152 3929 leotaaemoturoe

57 3945 305 4008 supportabantur.
631 3948 779 4012 appellatio
793 3948 974 4012 demonstrat,
999 3958 1070 4011 qnae
1088 3945 1152 3996 ubl-

119 4011 336 4076 cap.1o..s.1.
370 4012 483 4064 etlerls
496 4024 589 4066 urma-
632 4028 737 4080 cunque
765 4028 826 4067 cum
853 4016 989 4080 equitatus
1016 4015 1153 4069 mentione

70 4088 147 4132 turae
158 4082 303 4143 Numidas]
326 4082 510 4150 llospedioes,
526 4095 588 4151 non,
632 4086 777 4136 coniuncta
801 4087 861 4149 est,
892 4085 996 4148 pedites
1017 4081 1153 4149 sigullcat

70 4153 288 4213 quenadmodum
305 4163 405 4216 magua
421 4165 488 4216 pars
502 4153 589 4206 tutet·-
631 4165 733 4218 eosque
750 4154 799 4206 vel
819 4155 925 4207 omniuo
944 4152 1045 4206 leviter
1060 4160 1153 4207 w
