2572 4688
874 116 886 164 ,
1003 125 1008 135 ,

86 276 148 327 m
456 250 807 351 enarrarre.

87 444 153 513 bus
167 464 290 514 corono
308 443 427 515 laurea
444 449 482 514 et
495 443 587 515 omni
599 447 695 515 oultu
708 445 1007 538 triumphantium,
1029 448 1180 524 scenicis

88 557 201 618 autern
221 555 396 639 praetexta
418 572 608 640 omnaque
627 552 747 618 laurea
766 560 939 636 uteretur,
963 561 1001 621 et
1018 559 1181 643 (ιιιιιιιιιίι

85 659 294 743 repugnante
308 650 436 723 Getone
448 663 489 723 ut
501 655 730 744 perterretur,
750 655 874 727 effecit.
914 655 997 725 Pari
1011 680 1181 730 suceessu

85 757 237 825 Labieno
250 755 360 825 adluit
372 755 561 826 Domitium
573 758 682 846 legem
696 755 738 825 de
751 759 952 829 sacerdotiis
968 783 1001 832 a.
1015 785 1051 836 u.
1066 764 1178 838 DcL.

85 863 210 943 latam,
230 868 440 949 posteavero
457 882 477 927 a
492 859 590 929 Sulla
604 861 799 950 abrogatam
813 865 1028 949 restituenti,
1050 891 1093 935 ex
1106 891 1177 958 qua

84 966 160 1052 lege
178 963 325 1031 comitiis
338 963 478 1057 tributis
493 986 560 1032 uon
578 968 689 1034 solum
703 968 853 1057 pontifex
866 976 902 1036 et
914 971 1010 1053 eurio
1025 972 1178 1053 maximi,

85 1077 126 1136 ut
150 1076 268 1151 antea,
295 1065 475 1135 sedetiam
491 1068 617 1158 reliqui
636 1069 849 1155 sacerdotes,
869 1072 928 1162 qui
946 1073 1054 1160 adbuc
1069 1098 1092 1142 a
1103 1077 1178 1145 ool·

85 1173 188 1259 legiis
208 1171 358 1261 ipsorum
382 1172 535 1262 cooptari
556 1173 728 1258 solebant,
754 1198 816 1267 por
836 1179 999 1268 populum
1012 1179 1177 1247 creaban-

69 1284 145 1343 ‘tur
167 1277 234 1358 ita,
260 1283 305 1343 ἰιι
324 1299 422 1364 quem
442 1299 559 1347 novem
581 1277 693 1344 tribus
707 1300 748 1347 ιιι
760 1280 987 1369 septendecim
1000 1292 1098 1350 sorte
1111 1281 1177 1349 du-

86 1383 152 1453 otis
180 1379 381 1463 iussissent,
418 1381 605 1467 acollegio
625 1391 854 1471 coaptaretur.
907 1385 975 1453 His
1000 1387 1177 1474 perlectis,

86 1508 160 1553 oum
181 1485 341 1553 Metellus
353 1480 446 1552 Pius
452 1488 640 1595 pontifex
660 1488 843 1570 maximus,
871 1484 960 1555 diem
976 1510 1176 1578 supremum

85 1593 235 1673 obisset,
263 1594 299 1655 ιι
321 1532 483 1672 Catulus,
511 1593 658 1659 omnium
679 1592 897 1659 consensione
915 1599 1054 1660 senatus
1078 1592 1176 1680 prin-

86 1720 186 1789 ceps,
218 1700 255 1761 et
274 1689 317 1762 P
344 1691 510 1762 Servilius
532 1694 705 1763 Isauricus
726 1697 797 1763 fere
817 1695 973 1784 aequalis
993 1694 1175 1780 dignitatis

84 1801 318 1894 pontificatum
332 1804 497 1886 peterent,
519 1795 645 1868 Caesar
660 1802 740 1867 item
757 1806 873 1889 petere
891 1797 1004 1886 coepit
1019 1820 1084 1865 non
1097 1800 1188 1866 sine«

84 1903 324 1998 profusissima
335 1901 531 1987 largitione,
552 1902 740 1992 Catuloque
755 1927 829 1970 mox
845 1903 887 1970 de
900 1926 981 1971 suae
995 1903 1176 2000 petitionis

86 2019 208 2081 eventu
230 2005 378 2077 sollicito
399 2010 433 2068 at
451 2024 517 2089 quo
542 2007 661 2090 altiore
685 2009 870 2090 lacuerat,
898 2029 938 2074 eo
959 2010 1095 2095 gravius
1117 2029 1176 2075 re·

85 2117 219 2207 pulsam
240 2107 490 2202 pertimescenti
511 2129 730 2197 magnamque
754 2111 804 2191 ei,
833 2110 865 2176 si
885 2110 1081 2193 desisteret,
1112 2133 1175 2201 pe-

85 2221 216 2291 cuniam
236 2214 391 2283 afferenti
413 2213 514 2278 etiam
538 2214 696 2280 maiorem
718 2237 755 2281 se
774 2214 891 2280 sonore
907 2222 1121 2305 sumpturum
1136 2221 1175 2282 et

84 2326 377 2415 perseveraturum
400 2317 435 2383 iu
455 2317 619 2405 petitione
640 2317 826 2407 respoudit.
871 2315 955 2386 Cum
970 2326 1081 2385 autem
1097 2318 1175 2388 dies

87 2428 225 2496 adesset
238 2422 450 2492 comitiorum
464 2427 500 2487 ιι
513 2443 609 2489 noane
623 2421 853 2502 descenderet,
867 2427 1030 2511 reputans
1044 2424 1174 2509 magni·

85 2531 237 2601 tudinem
252 2527 340 2595 aeris
356 2527 457 2592 alieni
471 2525 680 2617 praedixisse
693 2526 794 2592 matri
808 2526 975 2593 osculanti
987 2526 1099 2592 fertur
1113 2524 1175 2594 do-

43 2692 48 2700 .
84 2658 175 2705 mum
198 2655 235 2702 se
257 2631 325 2698 nisi
348 2629 538 2720 pontificem
559 2653 624 2696 non
643 2651 869 2700 reversurum.
891 2629 1033 2719 ·Atque
1047 2629 1174 2719 itepo-

84 2739 295 2810 teutissimos
317 2735 401 2802 duos
422 2734 661 2821 competitores
688 2736 880 2823 superavit,
913 2741 953 2801 ut
972 2737 1073 2823 plura
1094 2735 1172 2824 ipse

84 2847 121 2914 iu
139 2864 257 2912 eorum
276 2838 432 2906 tribubus
452 2836 630 2924 suffragia,
665 2859 766 2924 quam
790 2846 933 2927 uterque
954 2839 989 2904 in
1012 2839 1170 2907 omnibus

84 2948 217 3020 tulerit.
261 2943 338 3031 Qua
358 2944 393 3008 in
412 2962 449 3006 re
464 2948 557 3007 vetus
573 2941 760 3028 exemplum
775 2949 970 3008 renovatum
983 2944 1039 3010 e'st
1054 2940 1095 3014 P
1111 2943 1180 3010 Li-'
1201 2924 1208 2935 ⁸

34 3035 36 3039 ¹
84 3054 167 3123 oinir
156 3047 323 3128 Crassi,
351 3044 465 3133 quia.
487 3065 522 3112 u.
542 3042 804 3115 Dxxxxllss
792 3066 828 3112 ιιι
849 3044 965 3112 eodem
985 3048 1171 3115 certamino

83 3156 215 3252 iuvenis
237 3149 382 3218 nondum
404 3145 610 3215 aedilitatem
632 3146 776 3236 adeptus
796 3169 894 3216 senes
914 3150 1111 3217 consulares
1134 3159 1172 3219 et

84 3258 257 3351 censorius
277 3253 414 3321 devicit.
457 3247 613 3317 Ceterum
634 3257 714 3340 post
731 3253 967 3349 pontificatum
983 3256 1170 3323 maximum

84 3364 211 3434 Caesar
230 3358 350 3428 relicta
369 3353 540 3423 Subura
529 3377 563 3421 ιιι
583 3375 680 3421 sacra
698 3353 752 3421 via
768 3340 867 3423 domo
884 3355 1019 3446 publiea
1037 3357 1172 3427 babita-

84 3470 146 3539 vit.
196 3460 357 3532 Eiusdem
382 3458 460 3525 anni
485 3457 667 3546 praetoriis
690 3459 835 3526 comitiis
857 3465 995 3548 praetor
1017 3460 1171 3533 urbanus

55 3608 57 3613 ,
84 3572 281 3658 designatus
300 3571 371 3645 est,
401 3562 521 3630 ultimo
542 3583 623 3632 vero
644 3583 756 3630 mense
775 3584 908 3646 eorum,
938 3584 1026 3652 quae
1045 3561 1087 3630 de
1103 3561 1170 3634 Ca·
1202 3606 1205 3612 ·

83 3678 202 3746 tiliuao
222 3667 453 3741 coniuratione
472 3674 548 3733 acta
566 3673 663 3749 suut,
692 3666 870 3754 insiguiter
891 3666 1065 3754 particeps
1087 3666 1168 3739 fuit.

9 3835 20 3848 ..
81 3779 162 3852 Non
182 3797 325 3870 prorsus
335 3773 422 3840 enim
440 3778 616 3860 antequam
632 3792 652 3837 a
670 3768 830 3838 Cicerone
843 3770 1049 3860 patefactum
1063 3777 1170 3853 esset,

82 3881 168 3977 quid
196 3880 255 3948 isti
280 3881 459 3969 pararent,
488 3873 661 3941 nesciebat
681 3881 717 3941 et
737 3881 776 3940 ιιι
795 3874 952 3941 conscius
971 3873 1142 3942 socieris
1130 3895 1168 3941 ιιι

82 4006 244 4074 magnam
252 3979 411 4050 invidiam
423 3976 588 4047 adductus
602 3984 656 4045 est
671 4000 691 4043 a
706 3975 829 4045 Pisone
845 3986 881 4044 et
895 3975 1037 4059 Catulo,
1057 3998 1167 4066 usque

82 4089 186 4175 adeo,
212 4093 253 4157 ιιι
265 4082 378 4161 Nouus
390 4081 637 4190 Decembribus
657 4088 777 4152 senatu
797 4079 838 4156 L
852 4081 1167 4172 Tarquiniioausa,
