2572 4688
79 403 108 450 ιι
449 373 798 449 Punnnnrro.

185 565 355 655 Sequente
384 586 488 646 auno,
521 563 564 635 1„
592 563 753 635 Cornelio
775 563 934 657 Scipione
955 561 1116 635 Asiatico
1137 570 1176 633 st

83 673 125 745 G.
138 669 302 740 Norbano
316 668 479 736 Marianis
493 670 708 752 consulibus,
727 668 870 739 dimissa
883 669 1061 753 Cossutia,
1083 692 1177 758 quas

82 777 211 845 familia
239 770 409 861 equestri,
444 769 505 837 sed
537 771 717 840 admodum
746 772 841 844 dives
869 780 1082 866 praetextato
1111 772 1176 840 de-

83 885 245 973 sponsata
266 877 396 957 luerat,
424 873 638 959 Corneliam,
667 876 793 946 Cinnae
807 880 873 946 iam
890 879 1040 946 defuncti
1053 877 1174 960 liliam,

83 986 181 1055 duxit
209 1002 374 1062 errrorem,¹
399 996 440 1045 ex
463 1000 529 1066 que
550 981 604 1048 illi
626 988 702 1046 mo'x
725 978 816 1049 Iulia
836 988 916 1051 nata
939 990 1005 1053 est.
1047 979 1175 1071 Neque

83 1100 125 1160 ut
153 1084 368 1176 repudiaret,
403 1083 599 1174 compellia
622 1083 721 1152 Sulla
743 1086 845 1174 paulo
866 1094 947 1176 poet
967 1086 1110 1153 victoria
1136 1090 1177 1152 st

85 1197 254 1265 dictatura
276 1188 386 1279 potito
405 1188 477 1254 ullo
498 1187 598 1256 modo
621 1180 771 1281 potuit.'¹
788 1188 904 1279 Quare
924 1197 960 1256 et
975 1190 1124 1257 llaminie
1137 1195 1177 1255 et

84 1294 200 1382 psoris
228 1292 308 1361 dote
335 1297 372 1358 ct
398 1290 582 1378 gentilioiis
608 1289 856 1359 hereditatibus
878 1294 1061 1376 multatus,
1095 1314 1175 1360 cum

85 1406 295 1476 diversarum
318 1395 466 1485 partium
488 1396 671 1463 haberetur
691 1402 729 1462 et
752 1418 772 1463 a
793 1395 960 1465 ministris
984 1396 1102 1467 Sullae
1130 1396 1179 1465 ad

86 1528 201 1579 necem
231 1500 504 1589 conquireretur,
539 1506 670 1566 mutata
691 1506 787 1568 veste
812 1510 914 1568 noctu
936 1524 977 1569 ex
998 1502 1082 1571 urbe
1104 1505 1181 1571 ela-

87 1634 171 1706 psus
199 1606 289 1694 fugit
313 1605 349 1671 in
378 1602 537 1675 Sabinos.
586 1602 643 1671 Ibi
672 1624 778 1694 prope
798 1625 861 1693 per
881 1605 1033 1693 singulae
1057 1614 1180 1676 noctes

87 1733 288 1811 quemqnam
312 1707 430 1776 morbo
452 1714 637 1797 quartanae
651 1718 855 1795 aggravante
869 1719 1075 1779 commutare
1089 1713 1182 1779 late·

87 1826 169 1894 bras
200 1822 357 1894 coactus,
392 1809 474 1879 dum
505 1833 544 1878 ex
571 1834 638 1887 uns
664 1812 763 1878 domo
785 1811 821 1879 in
843 1813 984 1881 alteram
1007 1821 1181 1905 portatur,

88 1930 126 1997 in
146 1922 389 2015 persequentes
409 1914 550 1997 incidit,
577 1938 720 2003 quorum
741 1913 818 1981 duci
840 1913 997 1985 Cornelio
1014 1916 1183 2004 Phagitae

88 2031 145 2103 vix
174 2018 531 2109 duodequinquaginta
559 2016 698 2084 milibus
726 2015 801 2085 Hs.
825 2020 1032 2106 persuadere
1053 2023 1183 2113 potuit,

88 2128 130 2204 u't
148 2153 185 2199 se
206 2126 406 2195 ineolumem
429 2121 630 2188 dimitteret.
673 2117 816 2188 Interim
835 2119 1095 2212 deprecantibus
1108 2123 1183 2192 Vs-

89 2236 236 2313 stalibus
255 2235 291 2295 et
311 2226 481 2294 Mamerco
510 2223 662 2291 Aemilio
691 2221 860 2313 Gottaque
878 2227 1044 2305 Aurelio,
1078 2248 1184 2305 orna-

90 2337 236 2413 tissimis
265 2338 301 2399 et
331 2328 449 2398 Sullae
478 2327 694 2394 amicissimis
721 2328 823 2410 virle,
859 2326 1017 2399 Caesaris
1040 2332 1186 2421 propin,

91 2448 169 2540 quis
190 2448 227 2509 et
247 2434 424 2515 affinibus,
451 2455 526 2499 cum
548 2428 755 2519 aliquamdiu
778 2432 837 2499 ille
858 2430 1077 2519 denegasset,
1104 2443 1186 2504 tau-

92 2554 169 2622 dem
189 2546 401 2634 expugnatus
422 2537 557 2604 vincere
576 2556 635 2600 cos
657 2557 696 2601 ac
719 2535 785 2602 sibi
799 2536 922 2602 habere
937 2536 1057 2621 iussit,
1083 2536 1186 2608 dum·
1215 2544 1220 2565 '

92 2652 192 2727 modo
220 2648 348 2717 scirent
371 2662 466 2722 enm,
495 2660 594 2728 quem
618 2639 817 2708 incolumem
840 2647 936 2709 tanto
955 2660 1057 2731 opere
1078 2664 1186 2733 cupe-

92 2764 187 2841 rent,
223 2746 424 2840 quaudoque
452 2744 665 2833 optimatium
689 2743 861 2832 partibus,
891 2766 976 2833 quas
997 2767 1111 2814 secum
1133 2748 1185 2816 si·

31 2936 33 2943 y
94 2863 166 2933 mul
188 2850 436 2929 defendissent,
464 2848 567 2915 exitio
590 2849 760 2930 luturum3
792 2870 867 2915 nam
893 2847 1034 2918 Caesari
1054 2852 1184 2920 multos
1219 2862 1223 2867 '

16 3010 21 3031 .
92 2964 222 3038 blarios
244 2959 368 3025 inesse.
418 2951 495 3019 Alii
518 2952 648 3021 Sullam
673 2950 813 3019 tradunt
834 2952 1004 3034 cinctura,
1031 2974 1099 3042 qua
1119 2954 1186 3023 ilu-

94 3072 188 3140 xiore
217 3060 346 3132 Gaesar
374 3062 409 3123 ct
436 3057 667 3145 superlatum
690 3057 820 3126 clavum
839 3059 973 3123 tunicae
995 3056 1039 3123 ad
1061 3080 1185 3127 manus

94 3168 285 3245 fimbriatae
306 3161 467 3228 utebatur
489 3160 557 3239 its,
585 3167 625 3227 ut
646 3159 809 3227 trahendo
831 3161 986 3228 laciniam
1004 3168 1104 3249 togas
1125 3184 1185 3232 re·

95 3282 150 3348 lut
170 3272 283 3341 mollis
303 3264 497 3342 incederet,
528 3262 692 3330 offensum
714 3264 894 3353 optimates
919 3265 1185 3357 nominatimque

95 3376 293 3468 Pompeium
314 3370 451 3462 saepius
470 3369 656 3450 monuisse,
686 3376 728 3436 ut
748 3369 836 3436 male
857 3372 1082 3460 praecinctum
1098 3394 1187 3462 pua-

96 3509 173 3556 rum
196 3483 363 3549 cararent.
407 3472 546 3541 Scilicet
560 3471 682 3553 altius,
706 3494 805 3561 quam
823 3472 962 3558 Cicero,
990 3476 1049 3563 qui
1065 3475 1186 3546 eedem

97 3587 334 3684 praecinctura
367 3579 529 3666 deeeptus
558 3573 719 3664 Pompeio
746 3578 955 3666 superiorem
984 3580 1072 3647 huno
1098 3602 1189 3649 nun-

98 3716 199 3785 quam
221 3690 373 3757 iuturum
393 3679 602 3761 crediderat,
631 3680 729 3748 Sulla
750 3681 841 3749 leoni
861 3680 1010 3750 iunctam
1022 3683 1059 3751 in
1073 3687 1187 3755 animo

99 3818 219 3888 gerens
239 3792 374 3879 vulpem
396 3784 565 3871 ingenium
587 3783 660 3851 eius
680 3790 917 3873 perspexerat,
942 3785 1013 3854 sive
1036 3786 1128 3875 quod
1149 3788 1194 3859 in.

98 3894 274 3970 retinenda
307 3912 413 3959 uxore
447 3890 550 3957 talem
575 3894 773 3976 cognosset,
810 3889 882 3957 sire
910 3910 952 3956 ex
979 3912 1121 3980 corpore
1149 3900 1189 3963 et

99 4006 209 4073 iorma
229 4006 266 4065 et
285 3993 492 4076 exortibus,
514 3991 637 4080 quibus
652 3991 848 4060 adolescens
860 3993 1066 4078 excellebat,
1087 4019 1191 4084 prae-

99 4107 196 4195 sapio
224 4101 339 4171 ducto.
392 4096 479 4166 Erat
500 4103 613 4164 autem
633 4098 767 4165 excelsa
786 4102 940 4182 statura,
971 4099 1087 4169 colore
1106 4124 1191 4175 ean.

100 4210 200 4293 dido,
222 4202 391 4275 teretibus
411 4198 590 4285 membris,
613 4220 673 4269 ore
691 4200 795 4293 paulo
815 4201 987 4294 pleniore,
1004 4202 1113 4294 nigris
1128 4228 1189 4280 rs.
