2572 4688
403 278 512 359 ala.
538 279 589 362 ti.
628 279 749 359 GAP.
775 283 824 355 22
852 294 856 307 “
1090 283 1157 354 lia

70 471 196 562 grandi
208 478 342 563 tempus
357 472 556 545 dimitteret.
641 475 700 543 22.
733 471 908 545 Instructo
923 470 1071 540 exercitu
1085 493 1157 540 me·

70 565 125 669 gia
144 571 185 630 ut
203 564 271 630 loci
292 571 412 666 natura
434 562 651 668 deiectusque
665 561 762 666 collis
777 570 813 627 et
827 561 1012 628 necessitas
1024 567 1156 650 tempo-

166 648 1156 825 titillatillibati„“iltiiiitiiittt

101 893 218 962 Vrsini,
237 892 314 949 laeid.
330 897 365 946 A·
382 893 645 947 vinemarus.
663 893 722 955 (ci.
737 895 827 945 adnot
846 893 906 945 crit.
922 895 958 946 ad
975 896 1008 959 i,
1025 892 1104 955 iiis·
1120 896 1153 953 i]

100 965 136 1017 in
163 965 329 1031 quaerendo
352 977 419 1015 suos
436 967 505 1015 And.
522 966 551 1016 S.
569 963 626 1030 lm,
652 977 721 1029 quae
739 964 874 1026 scriptura
891 974 923 1013 eo
940 965 1152 1030 commendatur,

102 1037 174 1098 quod
191 1036 294 1086 nullam
311 1033 502 1083 dubitationem
521 1033 554 1082 de
570 1044 670 1096 genere
686 1032 850 1095 pronominis
870 1032 1014 1101 relinquit,
1044 1044 1106 1082 curn
1123 1032 1152 1084 in

101 1106 194 1155 altera
216 1104 279 1154 suis
302 1110 427 1152 neutrum
451 1101 537 1155 videri
561 1109 590 1150 et
613 1102 647 1152 ud
669 1103 752 1168 siqua
774 1102 873 1151 reterri
889 1101 992 1169 possit,
1023 1102 1153 1164 quemad-

101 1170 210 1223 modum
235 1184 254 1223 a
277 1173 462 1233 metaphraste
484 1178 512 1220 et
535 1170 684 1221 l’etrarcha
705 1172 733 1221 et
755 1171 859 1221 liaustu
881 1172 984 1222 iactum
1005 1177 1057 1221 est.
1092 1174 1152 1223 Neo

101 1244 202 1291 desunt
231 1241 355 1304 gerundil
382 1240 423 1290 sic
446 1251 507 1290 cum
532 1238 733 1302 praepositione
757 1248 786 1290 et
807 1251 874 1290 casu
896 1240 974 1289 verbi
999 1237 1152 1290 constructi

101 1310 252 1370 exempla„
271 1309 313 1359 ci.
331 1309 502 1365 liamshoruii
519 1320 630 1370 gramm.
650 1305 751 1372 8.,169,
769 1306 796 1372 5,
814 1321 840 1360 a.
855 1322 881 1370 p.
893 1309 954 1358 649.
989 1307 1016 1357 lt
1051 1321 1085 1357 ue
1096 1319 1152 1359 non

101 1390 241 1444 repugno,
260 1379 284 1428 si
302 1379 362 1441 quis
379 1390 397 1429 a
414 1377 535 1428 Caesare
551 1377 700 1437 proiectam
718 1377 873 1427 arbitretur.
906 1378 1007 1426 lamen
1025 1379 1151 1444 auram,

101 1451 195 1510 utpote
216 1447 344 1497 leniore·
369 1452 398 1496 et
414 1445 547 1496 communi
565 1445 690 1508 loquendi
707 1446 770 1495 usui
785 1447 1051 1497 accommodatiorem
1069 1454 1097 1496 et
1114 1447 1150 1496 ad

100 1515 322 1579 perspicuitatem
339 1515 421 1565 nihilo
438 1514 613 1576 deteriorem,
640 1515 774 1575 praefero.
808 1518 878 1565 Nam
893 1515 954 1564 suis
971 1510 1151 1565 masculinum

101 1591 130 1634 et
152 1585 317 1635 substantivi
339 1592 475 1645 potestate
499 1585 649 1645 praeditum
676 1596 739 1633 esse
761 1596 822 1633 cum
838 1596 964 1634 numerus
981 1584 1077 1649 docet,
1103 1582 1151 1646 qui

101 1653 202 1717 alioqui
219 1653 367 1718 singularis
385 1666 448 1703 essa
463 1652 591 1715 debebat,
616 1650 678 1714 quia
696 1663 776 1701 uuum
794 1659 896 1702 tantum
913 1661 941 1702 et
958 1665 1035 1704 suum
1053 1651 1150 1715 cuique

102 1723 209 1786 signum
226 1722 279 1780 (ci.
296 1735 320 1770 c.
335 1721 370 1772 25
388 1721 437 1781 §.l
455 1723 535 1786 siquo
553 1720 670 1778 antaeo)
690 1723 870 1784 quaerendum
882 1721 997 1785 fuisset,
1015 1728 1070 1772 turn
1083 1732 1150 1782 pre-

101 1799 162 1854 pter
183 1791 272 1852 ipsum
289 1791 394 1842 termae
411 1790 610 1853 ambiguitatem
628 1790 796 1840 statuendum
815 1798 872 1856 est,
896 1791 960 1855 quia
977 1803 1060 1841 casus
1077 1789 1150 1841 obli·
1199 1790 1202 1794 ’

100 1860 161 1924 qui,
188 1871 300 1924 quorum
316 1859 449 1908 incertum
468 1871 554 1922 genus
571 1866 631 1923 est,
657 1859 801 1907 masculini
820 1866 884 1908 esse
900 1861 997 1909 soient.
1037 1859 1149 1925 signiti-

99 1931 198 1980 cantur
220 1931 311 1980 alitem
336 1929 536 1993 manipulares,
560 1927 604 1988 qui
622 1928 672 1975 sub
689 1929 780 1976 eodem
799 1927 876 1989 signo
894 1929 1068 1979 habebantur.
1102 1927 1148 1979 ci.

24 2052 31 2072 x
99 1998 133 2062 7,
151 1998 201 2048 50:
224 2000 275 2056 (Μ.
292 1997 415 2046 Petreius
432 1997 567 2054 centurio)
591 1996 758 2046 conantibus
774 1987 994 2048 marturinae
1006 1999 1149 2061 theatra,

10 2122 16 2141 ,
96 2066 209 2134 inquit,
238 2078 316 2117 meae
338 2067 416 2116 citae
431 2065 583 2116 numerare
599 2065 740 2117 conantini
758 2073 810 2114 etc.
826 2066 870 2116 ita
884 2079 1017 2132 puqnons
1030 2079 1148 2117 -eon·

98 2135 170 2185 cidit
192 2146 228 2186 aa
252 2135 313 2186 auis
337 2133 427 2185 satuti
446 2130 517 2202 satit.
552 2134 611 2185 Gir.
632 2137 664 2201 2,
689 2132 740 2185 34:
772 2136 899 2199 adeoque
919 2136 988 2187 erat
1008 2136 1147 2202 impedita

10 2198 13 2205 '
97 2204 200 2268 uadis,
223 2205 307 2256 utin
320 2198 440 2255 ascensa
457 2204 514 2255 ariri
529 2202 670 2256 sublevati
685 2218 705 2255 o
721 2201 783 2254 suis
799 2204 889 2270 prirni
903 2219 961 2256 non
978 2206 1066 2273 facte
1083 2205 1148 2259 ent

98 2275 245 2324 terantur.

132 2341 200 2403 (lap.
216 2344 260 2392 22.
283 2339 309 2400 S.
325 2343 348 2390 1.
388 2340 508 2390 diversis
526 2341 690 2401 legionibus]
720 2341 798 2394 carr.
816 2344 874 2393 cod.
888 2328 1010 2408 lirantii,
1036 2343 1146 2396 codices

101 2411 221 2475 schotti,
245 2410 327 2472 Bong.
345 2409 401 2460 AG.
420 2411 451 2458 N.
469 2410 532 2460 l’et:
543 2412 610 2474 lieg.
628 2412 711 2461 Voss.
730 2411 849 2478 Clarkii,
872 2413 955 2463 Voss.
975 2413 1053 2464 ABG.
1070 2415 1146 2466 (icti.

98 2480 166 2529 ιον.
181 2478 267 2529 -beid
293 2479 370 2528 illic.
395 2481 472 2540 agn.
498 2480 568 2528 Bul.
593 2480 678 2529 Duru.
700 2480 759 2531 Pal.
779 2481 851 2532 liar.
868 2483 902 2529 h.
921 2482 1146 2534 vindobonenses

98 2561 192 2600 omnes
215 2556 244 2597 et
266 2547 363 2610 reliqui
382 2549 450 2610 snei,
474 2559 527 2596 unu
544 2556 659 2609 exceptu
677 2549 756 2598 Vrat.
774 2550 804 2597 B.
821 2550 886 2599 item
903 2552 945 2600 ed.
962 2551 1015 2599 inc.
1033 2559 1061 2601 et
1078 2553 1147 2603 reli-

99 2630 169 2681 quae
193 2618 257 2667 ante
274 2617 336 2668 illd.
364 2616 489 2666 diversis
504 2616 575 2666 tocie
590 2617 714 2682 depinctos
730 2618 810 2668 Vrat.
828 2618 858 2667 li.
875 2620 938 2669 Ald.
955 2620 985 2668 et
1000 2631 1057 2683 sqq.
1074 2623 1145 2684 quud

100 2687 124 2735 si
149 2687 177 2735 iu
201 2684 323 2735 amnibus
346 2686 485 2735 codicibus
510 2686 664 2750 legeretur,
697 2692 867 2735 tamencum
887 2689 1060 2750 sequentibus
1084 2691 1144 2741 siue

98 2754 250 2818 tautologia
274 2754 423 2805 corisistere
447 2754 496 2804 vix
518 2755 618 2816 posset.
658 2755 728 2804 Nam
751 2754 877 2805 diuersis
897 2749 1145 2809 iocis'resistentes

97 2823 220 2875 hostibus
245 2822 366 2886 legiones
389 2833 441 2886 quo
464 2824 570 2873 tandem
588 2824 681 2889 mado,
705 2822 759 2872 nisi
776 2825 850 2875 oliae
865 2826 925 2877 atio
942 2825 974 2876 in
989 2829 1077 2890 parte
1095 2841 1144 2881 re·

98 2892 198 2943 sistere
222 2887 355 2953 possunt?
390 2891 537 2953 sequentia
553 2899 659 2957 autem,
690 2893 743 2941 etsi
760 2905 813 2943 non
829 2895 889 2943 sine
905 2895 1041 2946 varietate
1061 2896 1089 2949 in
1106 2898 1144 2949 li·

97 2962 153 3011 bris
171 2961 274 3022 scripta
290 2968 368 3029 suut,
390 2973 450 3009 cum
468 2971 516 3021 pru
533 2961 608 3010 oliae
625 2974 695 3009 unus
711 2961 884 3012 Leidensium
900 2963 1079 3030 (uisitetur,
1096 2979 1144 3017 se-

40 3026 45 3037 '
96 3033 217 3092 enindus,
247 3029 274 3078 in
298 3042 350 3091 quo
374 3029 462 3078 etiam·
480 3029 652 3080 insisterent
674 3042 721 3092 pro
743 3032 920 3083 resisterent
938 3036 1042 3093 exstat)
1059 3034 1153 3089 Vindt'
1220 3081 1222 3086 .

96 3100 153 3150 lili.
178 3101 256 3148 Rom.
279 3107 305 3146 a.
326 3101 399 3149 lded.
417 3111 442 3149 a·
459 3099 529 3148 Ven.
548 3099 590 3148 bc.
607 3099 676 3162 otii,
700 3100 746 3148 Dr.
764 3102 794 3149 B.
813 3102 1143 3154 vind.c1i.atiisexhi-

29 3168 34 3177 '
96 3169 193 3234 mant,
212 3176 240 3215 et
256 3165 283 3214 in
301 3167 370 3216 Vsu.
387 3168 441 3216 dei.
459 3167 520 3217 lior.
537 3167 612 3218 attae
628 3169 759 3219 omissum
776 3170 829 3237 sit,
852 3178 907 3219 tum
923 3171 1043 3223 codicum
1056 3184 1143 3226 causa

97 3245 153 3289 tum
177 3249 228 3297 per
251 3247 282 3284 se
304 3235 422 3297 genuina
438 3235 526 3286 videri
542 3238 647 3286 debent.
682 3237 724 3286 ci.
745 3251 769 3288 c.
784 3238 819 3290 24
835 3238 861 3298 S.
875 3243 907 3290 3:
929 3240 1038 3306 aliique
1053 3242 1143 3295 aliam

94 3304 264 3368 inportata
285 3305 447 3366 perterriti
471 3305 653 3370 ferebantur.
687 3306 722 3371 a,
739 3309 788 3358 26:
810 3310 898 3373 atque
921 3310 997 3360 atius
1020 3311 1080 3362 otia
1103 3325 1142 3365 aar
1162 3334 1177 3341 -
1262 3362 1265 3369 .

94 3375 164 3424 naui
181 3373 390 3438 quibuscunque
401 3375 489 3439 siquis
503 3377 677 3424 occurrerat
685 3407 695 3440 ,
710 3389 742 3427 se
752 3376 936 3443 adpreqodat.
971 3378 1032 3430 Cir.
1046 3381 1072 3448 1,
1090 3386 1142 3433 21:

94 3445 129 3493 at
140 3442 216 3494 atius
228 3443 260 3492 in
273 3442 359 3491 uuam
372 3445 489 3505 partem
501 3445 595 3494 niente
612 3447 699 3508 atque
716 3445 810 3496 aninto
827 3446 1012 3500 traheretur.
1045 3453 1073 3513 2,
1090 3453 1141 3502 ³9:

93 3512 146 3562 atii
170 3512 230 3562 atio
253 3513 314 3561 ioco
339 3511 521 3563 resistebant.
557 3513 615 3562 lam
640 3524 708 3563 vcro
732 3516 782 3564 hoc
805 3514 909 3582 ipsum,
934 3519 1002 3579 quod
1018 3517 1142 3582 legiones

93 3580 167 3631 aliie
190 3581 247 3630 aliu
269 3581 298 3630 in
318 3589 397 3640 parte
421 3582 542 3631 hostibus
559 3582 739 3647 resistebant,
758 3595 806 3644 per
822 3597 854 3634 se
871 3592 975 3637 tantum
987 3587 1085 3656 abest,
1109 3595 1141 3645 ut

89 3648 210 3713 iniquam
224 3650 405 3701 Romanorum
421 3650 599 3703 coemtionem
614 3651 739 3702 reddmet
753 3658 801 3704 aut
816 3663 869 3719 quo
882 3652 971 3706 minus
983 3662 1059 3709 certa
1073 3657 1141 3711 sub·

106 3803 176 3867 Gap·
196 3807 242 3856 22.
268 3804 296 3867 S.
316 3808 341 3856 1.
391 3804 578 3872 deiectusque]
622 3803 753 3857 citissime
772 3807 832 3860 lieri
850 3818 961 3877 posset,
985 3811 1140 3877 respicere·

54 3866 100 3924 (ii.
113 3876 204 3926 adnot.
218 3875 255 3926 ad
268 3888 293 3926 e.
309 3875 327 3926 8
346 3874 374 3939 s.
388 3879 405 3926 2
418 3878 494 3929 etad
507 3880 578 3930 eit
621 3877 666 3926 tur
681 3877 870 3944 exercitusque
885 3878 1066 3935 instrueretur
1085 3897 1139 3937 uon

54 3939 83 4001 S·
97 3946 123 3995 1.
620 3952 675 3996 tarn
689 3946 806 4013 optime,
823 3961 901 4010 quarn
913 3949 1064 4001 celerrime.

105 4011 261 4062 necessitas
286 4010 429 4073 temporis]
466 4013 492 4062 h.
514 4025 538 4063 e.
559 4026 578 4065 a
670 4015 749 4075 crdo]
772 4024 848 4066 certa
868 4017 986 4080 partium
1002 4021 1089 4072 semes
1110 4028 1139 4073 tt

55 4081 184 4143 temporis
204 4081 354 4144 exiguitate
373 4080 512 4148 imposita,
546 4085 576 4132 ut
619 4084 825 4150 consequentia,
845 4087 954 4148 qualern
968 4098 1019 4140 ars
1034 4089 1137 4143 milite

54 4159 107 4201 uos
124 4156 183 4202 tem
203 4153 280 4202 certa
299 4149 388 4218 ratio,
410 4162 491 4218 quein
502 4151 574 4218 quod
615 4151 655 4204 ris
668 4151 918 4223 uceticpostultt.
