2572 4688
984 133 987 140 =
1047 120 1058 149 t

401 269 505 343 tta.
532 268 618 344 1111.
660 269 781 341 CAP.
804 273 827 342 5
1091 271 1159 339 313

76 463 202 530 flumen
222 457 432 527 transierunt
453 469 554 548 atque
573 460 734 526 omnibus
748 479 862 524 eorum
883 454 1045 523 aedificiis
1063 478 1160 525 oceu-

76 552 171 640 patis
183 549 348 634 reliquam
365 556 494 639 partem
511 550 631 614 hiemis
645 570 682 614 se
698 568 812 612 corum
827 547 934 632 copiis
950 546 1118 612 aluerunt.

184 640 218 705 5.
245 635 312 701 His
332 635 373 701 de
393 637 494 702 rebus
514 635 642 704 Caesar
663 634 787 700 certior
804 635 914 699 factus
932 640 967 697 et
982 632 1158 697 infirmita-

77 731 149 791 tem
171 722 347 790 Gallorum
369 725 517 804 veritus,
545 722 635 809 qnod
656 722 790 786 suntin
812 721 964 786 consiliis
987 717 1159 806 capiendis

78 812 223 878 mobiles
240 819 275 876 et
286 811 380 877 novis
395 812 592 898 plerumque
606 810 707 875 rebus
722 807 876 888 stutient,
897 807 982 872 nihil
999 808 1053 873 his
1069 827 1160 872 com-

78 896 281 967 mittendum
307 899 523 966 existimavit.
597 897 661 963 Est
689 905 799 990 autem
820 897 882 962 hoc
905 894 1059 963 Gallinae
1080 900 1202 961 oon-a
1268 901 1281 936 *-

115 1079 144 1127 et
162 1087 180 1126 a
198 1088 233 1125 m.
253 1087 292 1137 pr.
308 1074 391 1125 Vind.
407 1078 441 1125 A·
466 1087 539 1141 qaue
553 1073 584 1125 in
597 1073 659 1124 scis
672 1070 783 1124 reddat
802 1072 874 1123 idem
887 1084 905 1122 e
918 1085 953 1122 m.
966 1083 990 1120 s.
1003 1082 1031 1122 et
1045 1073 1095 1123 οι.
1109 1083 1162 1124 οιιι.

58 1162 62 1175 ·
114 1145 215 1207 reliqui
234 1143 342 1193 codices
362 1147 390 1193 ct
408 1146 467 1195 edd.
489 1144 566 1193 uncis
584 1143 696 1192 inclusit
715 1143 888 1193 Ecksteinius
907 1141 936 1191 in
951 1143 1066 1192 Haieusi
1080 1144 1121 1192 ed.
1134 1155 1162 1201 a.

112 1214 195 1278 1839.
225 1214 278 1263 Sed
301 1213 409 1264 omissis
426 1213 461 1262 iis
475 1226 528 1263 non
540 1213 623 1262 facile
640 1211 727 1277 scine,
747 1220 835 1261 utrum
847 1211 882 1261 ab
896 1212 954 1275 bis,
972 1212 1016 1274 qui
1029 1212 1163 1275 remigra-

116 1289 233 1347 verant,
257 1283 380 1332 relictam
400 1284 427 1331 in
447 1282 572 1332 citeriore
591 1283 651 1342 ripa
667 1290 786 1343 partem,
812 1292 846 1345 ap
866 1281 1024 1332 remotiores
1037 1294 1055 1332 a
1068 1282 1164 1332 Rheno

116 1349 261 1413 nullasque
281 1359 357 1400 trans
381 1353 478 1400 flumen
498 1352 684 1414 possessiones
704 1351 834 1399 trabentes
852 1349 1021 1412 significatos
1043 1358 1163 1401 statuas:

46 1453 56 1460 κ
117 1420 244 1470 admissis
257 1419 353 1470 iisdem
367 1421 400 1468 de
411 1420 518 1483 longius
531 1420 663 1469 introrsus
678 1420 706 1468 in
732 1419 825 1469 Gallia
838 1418 1028 1482 habitantibus,
1046 1421 1081 1471 ad
1095 1432 1163 1483 quos

116 1490 304 1541 Bbeuauorum
325 1491 507 1550 Menapiorum
529 1492 616 1544 motus
637 1501 691 1538 nou
708 1485 900 1551 pertinuisset,
929 1502 1080 1539 sermonem
1100 1501 1165 1539 esse
1201 1548 1203 1552 Ι

118 1560 231 1608 edoctus
244 1557 487 1609 simui'citeriorem
500 1558 602 1623 ripam,
620 1567 758 1620 postquam
771 1557 812 1606 iili
824 1558 1029 1625 remigrassent,
1044 1570 1165 1610 vacuam

118 1629 154 1679 ab
174 1626 324 1678 bominibus
343 1626 435 1683 fuisse,
451 1627 588 1689 intelliges
606 1639 693 1690 neque
707 1626 863 1689 miraberis,
880 1629 949 1687 quod
961 1629 1037 1677 nnita
1049 1639 1171 1689 oppres-=

118 1709 211 1747 sorum
232 1705 280 1745 ant
300 1696 502 1747 interfectorum
521 1698 562 1744 cis
582 1696 702 1745 Rhenum
722 1695 855 1744 mentione
874 1697 951 1746 iacta
964 1697 1089 1758 aedificia
1101 1706 1165 1748 tan·

118 1767 176 1816 tum
196 1761 287 1815 eorum
307 1774 440 1826 occupata
465 1777 483 1815 a
509 1765 650 1814 Germanis
668 1765 803 1814 dicamur.
842 1766 885 1813 Ac
904 1765 957 1815 iarn
976 1767 1007 1814 ut
1024 1767 1074 1814 hoc
1093 1765 1166 1816 idem

37 1831 41 1840 ⁴
119 1835 278 1885 coniectura
301 1833 410 1895 assequi
429 1834 534 1899 possis,
558 1833 648 1895 quidni
665 1846 682 1884 a
701 1832 834 1894 scriptore
851 1835 1051 1896 perspicuitatis
1069 1845 1166 1885 aman-

119 1903 243 1968 tissimo,
274 1915 354 1965 quam
371 1905 405 1954 ab
422 1914 475 1952 uuo
492 1903 661 1953 sarcinatore
678 1905 745 1952 baec
764 1903 850 1952 rerba
867 1904 974 1953 adiecta
991 1913 1088 1965 putare
1106 1915 1167 1952 ιιιιι-

119 1966 179 2023 use
205 1973 365 2033 praesertim
382 1985 441 2021 cum
461 1972 555 2021 vitium
573 1972 676 2038 ipsum,
702 1981 754 2034 quo
770 1972 798 2020 in
816 1973 934 2022 maxima
951 1983 1027 2044 parte
1045 1973 1168 2023 codicum

120 2054 230 2103 eorum,
256 2041 397 2104 inquibus
415 2044 539 2102 exstant,
564 2041 665 2090 affecte
679 2049 756 2103 sunt,
778 2042 862 2089 talem
877 2042 1057 2102 suspicionem
1072 2044 1169 2092 deien—
1209 2060 1211 2067 ·

121 2112 177 2161 dat.
211 2111 305 2172 Neque
322 2122 389 2158 vero
407 2111 432 2158 in
454 2105 680 2171 Epircmeridibus'
691 2111 781 2172 posita
794 2109 821 2159 in
835 2108 1032 2162 Commentario
1045 2111 1169 2161 delevis-

122 2193 155 2230 se
178 2178 325 2231 Gaesarem
350 2180 552 2241 suspicaberis,
576 2179 628 2228 nisi
647 2185 694 2228 aut
711 2181 821 2229 obiiturn
838 2181 966 2230 veritatis
984 2189 1031 2230 aut
1047 2179 1169 2231 incurio-

123 2261 184 2298 sum
208 2248 365 2298 existimare
389 2250 476 2296 votes.
510 2249 641 2311 Equidem
659 2249 727 2311 quod
744 2263 778 2297 ex
801 2249 937 2312 plerisque
954 2249 1033 2299 tibris
1057 2249 1170 2298 excide·
1217 2264 1219 2269 ·

121 2325 201 2380 runt,
225 2317 303 2367 casui
319 2317 485 2367 tribuendum
504 2326 532 2366 et
548 2319 629 2367 unius
644 2320 672 2366 s.
689 2317 869 2382 scripturam,
897 2318 1004 2368 etiamsi
1029 2320 1170 2371 coniectu·

123 2399 174 2441 rae
191 2388 316 2437 lacunam
334 2388 452 2447 expianti
471 2389 616 2449 debeatur,
639 2398 688 2448 pro
706 2389 823 2450 genuina
840 2389 991 2439 habendam
1007 2400 1118 2440 censeo.

157 2458 264 2516 eorum]
280 2466 338 2504 om.
356 2456 433 2504 Leid.
450 2458 483 2505 A.
500 2465 564 2506 ante
580 2456 705 2506 omnibus
722 2458 819 2505 Hamb.
833 2496 851 2517 q

158 2526 291 2587 reliquam
315 2526 432 2583 partem]
462 2525 578 2590 reliquo
601 2528 688 2588 ‚rorte
712 2524 791 2574 Garr-
815 2523 875 2576 cod.
895 2526 973 2575 Turr.
994 2526 1022 2575 S·
1039 2524 1115 2578 Leid.
1132 2528 1170 2578 A.

122 2594 195 2649 Duk-
211 2595 292 2644 Vind.
312 2593 335 2642 Ι.
360 2592 402 2643 Cf.
421 2595 482 2642 adn.
501 2606 540 2642 cr.
558 2594 593 2642 ad
613 2597 645 2655 2,
664 2597 697 2643 16
715 2592 741 2652 S.
758 2596 782 2642 1.

160 2663 225 2724 Gap.
239 2663 264 2714 b.
283 2662 311 2722 S.
323 2665 348 2712 1.
385 2662 536 2723 capiendis]
559 2662 708 2724 capiundis
725 2664 806 2725 Bong.
823 2659 855 2711 G.
873 2673 929 2711 sec.
946 2659 1032 2712 cond.
1090 2710 1093 2713 ,

159 2731 227 2793 §.a
262 2735 312 2781 list
337 2736 439 2792 autem]
472 2734 517 2781 est
539 2733 613 2781 enim
638 2733 700 2781 VV.
718 2730 771 2781 CC.
791 2733 856 2781 Vre.
873 2732 901 2782 in
919 2733 980 2780 Not.
1004 2741 1033 2781 et
1055 2730 1171 2796 quinque

60 2823 66 2827 ’
125 2801 211 2864 θοὰ..
235 2814 346 2864 quorum
371 2801 398 2850 iu
420 2810 530 2851 numero
554 2803 597 2851 est
613 2802 698 2865 Bong.
717 2803 750 2850 A.
771 2813 827 2848 sec.
844 2802 886 2852 1³1.
910 2799 955 2854 ἷιῑι
973 2801 1117 2866 exbibens,
1142 2802 1171 2852 et

124 2884 184 2925 aec.
207 2871 292 2923 Febr.
316 2871 399 2921 Voss.
422 2871 457 2920 Δ.
479 2872 573 2938 iigm,
603 2870 700 2935 quitus
724 2871 859 2923 accedunt
883 2872 963 2925 Vrat.
981 2872 1016 2923 A.
1038 2872 1118 2923 Goth.
1135 2870 1171 2921 A.

142 3025 209 3090 cap.
222 3024 248 3082 5,
270 3024 298 3088 S·
312 3029 337 3078 1.
371 3029 541 3094 pierumque]
565 3024 609 3079 ct.
653 3029 698 3081 les
719 3022 747 3081 et
772 3029 807 3080 ad
829 3042 905 3082 arma
922 3033 1018 3083 contra
1036 3032 1173 3083 Romanos

93 3096 158 3147 adn·
170 3109 210 3147 cr.
225 3098 260 3149 ad
273 3100 305 3162 2,
323 3097 358 3148 30
376 3097 403 3161 S.
416 3103 442 3148 2.
654 3099 785 3163 capienda
812 3101 949 3162 proclives
972 3101 1079 3153 futuros
1110 3113 1174 3152 esse

656 3169 861 3232 suspicabatur,
884 3171 910 3220 si
925 3171 1120 3220 Germanorum
1136 3168 1173 3220 iis

51 3250 55 3267 ι
143 3230 211 3289 nibil
226 3233 267 3283 bis
280 3234 496 3287 committendum
515 3232 613 3286 existi-

91 3304 193 3368 mavit]
218 3304 285 3354 Sunt
309 3305 354 3369 qui
374 3308 442 3355 haec
463 3305 504 3355 ita
525 3305 612 3354 inter-

55 3370 58 3374 ’
91 3379 249 3440 pretentnr,
282 3381 313 3424 ut
343 3374 409 3424 nibil
440 3375 612 3424 consiliorum

87 3453 205 3492 *suorum
215 3442 303 3493 Gallis
317 3445 488 3506 aperiendum
504 3456 612 3493 eorum·

91 3521 145 3574 que
154 3511 217 3561 fidei
228 3513 443 3563 committendum
455 3514 612 3564 existimas-

92 3592 125 3629 se
135 3579 240 3632 Gaesar
252 3580 367 3657 dicatus
384 3582 421 3632 lii
436 3584 470 3634 ad
482 3586 530 3632 c.6
543 3589 612 3631 extr.

92 3649 194 3712 respici
209 3649 311 3716 ’abent
324 3663 376 3714 quo
388 3654 449 3702 loco
460 3664 526 3703 sane
536 3650 612 3712 prin-

655 3238 783 3291 auxiiium
809 3242 1003 3289 ostenderetur.
1050 3240 1126 3299 Quod
1149 3237 1174 3288 si

655 3316 811 3358 constantes
826 3311 853 3358 et
867 3321 884 3358 a
897 3309 977 3359 novis
992 3310 1073 3359 rebus
1091 3306 1174 3360 alieni

654 3376 788 3439 fuissent,
818 3379 952 3427 adventus
977 3378 1173 3430 Germanorum

654 3458 707 3495 nou
743 3446 888 3496 sollicitum
925 3460 987 3497 eum
1023 3448 1173 3513 habuisset,

653 3514 751 3580 qnippe
762 3515 807 3577 qui
818 3515 847 3564 in
861 3516 912 3565 fide
924 3528 972 3567 eos
981 3527 1173 3579 permansuros

655 3583 790 3635 confidere
802 3584 944 3647 potuisset.
978 3587 1031 3636 Sed
1049 3601 1109 3637 cum
1128 3587 1173 3636 in-

655 3652 808 3702 firmitatem
822 3665 914 3705 eorum
927 3656 1028 3714 nosset,
1045 3658 1111 3706 nihil
1125 3665 1174 3705 ec-

94 3717 201 3784 cipibus
216 3719 401 3784 evocatisea,
425 3734 493 3786 quae
512 3731 612 3782 coguo-
654 3734 713 3774 rum
735 3721 848 3772 arbitrio
873 3723 1077 3783 permittendum
1098 3724 1173 3775 arbi·
1261 3744 1263 3749 >

93 3796 191 3854 verat,
227 3789 420 3841 dissimulanda
442 3791 493 3840 sibi
516 3790 613 3839 existi·
655 3784 792 3849 trabatur,
816 3802 843 3846 er
865 3788 970 3855 qionbte
983 3789 1066 3855 atate
1079 3790 1173 3860 cattle

95 3869 187 3910 masse
207 3858 312 3908 dicitur.
352 3861 407 3909 Sed
425 3862 474 3909 boc
493 3866 612 3920 tempore
655 3851 810 3914 etiamtum
832 3857 909 3926 tollat
930 3872 962 3930 tit
983 3853 1093 3928 biltittty
1124 3867 1174 3916 sed

68 3952 72 3967 ι
94 3928 213 3978 noudum
223 3927 363 3991 quicquam
376 3928 483 3979 consilii
493 3931 612 3994 ceperat,
654 3930 713 3990 ipse
735 3930 786 3978 sibi
809 3931 991 3992 prospiciebat
1010 3937 1039 3983 et
1067 3946 1118 3995 per
1143 3946 1174 3985 se

97 3997 169 4059 qnod
183 3996 273 4046 Gallis
288 3996 453 4048 committere
467 4006 568 4063 posset,
587 4001 614 4047 ct
656 4008 757 4048 statum
778 4010 855 4048 suum
874 4001 1021 4050 tutabatur.
1056 4001 1099 4053 Gt.
1112 4000 1173 4052 civ.

96 4064 300 4131 infirmitatem
337 4076 428 4117 eorum
458 4069 613 4117 verebatur.
635 4071 691 4130 ,3,
713 4066 747 4118 25
770 4066 868 4132 venti,
893 4067 992 4134 quitos
1010 4072 1174 4123 necessario

95 4137 139 4191 Ex
157 4134 264 4202 pacans
284 4132 355 4186 euin
372 4137 401 4187 et
413 4135 513 4201 quietis
524 4137 614 4190 ubel-
657 4135 890 4192 committendam
912 4135 1114 4196 eeattmaoatr
1135 4135 1176 4198 btt
