2572 4688
152 249 199 323 ca
417 242 489 316 us
511 238 692 341 cucco
725 242 973 319 caturco

154 439 224 510 sihi
245 440 385 521 secrato¹
393 435 586 513 inocculto
606 433 650 502 do
670 457 731 502 sua
749 435 963 526 omniumque
976 438 1088 506 salute
1103 459 1184 509 oum
1198 461 1239 510 ee

109 538 134 599 2
155 550 254 617 agera
271 526 403 595 liceret.
471 524 523 591 Es
542 544 580 590 ra
600 523 782 612 impetrata
798 546 874 591 sose
888 547 1003 594 omncs
1016 527 1138 596 dentes
1152 526 1241 601 Gas-

153 618 226 687 sari
246 613 289 681 ad
307 611 411 703 pedes
436 614 667 702 proiecerunt:
695 609 776 679 Non
796 614 907 679 minus
927 635 965 680 se
982 611 1020 680 id
1033 616 1241 685 conmodore

150 713 189 772 ct
201 702 375 782 laborare,
395 720 438 766 ne
452 721 510 783 ca,
532 718 619 786 quae
636 696 818 781 dixissent,
838 701 1241 857 enuntiarentur,·³uam

149 793 205 860 uti
226 813 283 872 aa,
311 809 399 877 quas
422 789 567 867 vellent,
593 786 832 875 impetrarent,
868 795 1050 877 propterea
1069 812 1137 879 quo
1170 838 1183 875 ,
1206 792 1241 861 si

77 905 87 931 ·
151 880 361 948 enuntiatum
383 881 496 955 esset,
524 895 691 940 summum
707 876 744 941 in
758 875 944 943 cruciatum
959 888 1174 948 retenturos
1188 880 1242 950 vi·

107 979 130 1042 8
150 967 281 1036 darent.
342 962 493 1029 Locutus
516 967 573 1028 ost
589 983 651 1049 pro
664 960 719 1028 his
733 960 925 1030 Diuitiaene
942 963 1125 1035 Haeduus:
1154 966 1241 1035 Gul-

147 1057 216 1125 liae
234 1052 342 1121 totius
362 1050 528 1117 factiones
547 1069 624 1116 csse
643 1046 746 1116 duas:
772 1049 891 1119 harum
906 1052 1049 1122 alterius
1063 1055 1241 1145 principa-

105 1146 130 1214 4
148 1152 222 1215 tum
235 1147 349 1208 tenere
362 1136 542 1219 Haeduos,
563 1137 705 1204 alterius
718 1136 908 1208 Arvernos.
970 1137 1109 1209 ilicum
1122 1150 1240 1211 tarto-

175 1253 232 1298 ere
258 1229 301 1296 de
325 1231 503 1316 potentatu
529 1223 619 1291 inter
646 1244 684 1292 se
705 1225 831 1291 multos
855 1247 960 1295 annos
982 1226 1241 1313 contenderent,

148 1256 278 1388 lactum
291 1336 386 1395 esse,
405 1313 458 1378 uti
472 1310 514 1377 ab
528 1312 697 1381 Aruernis
714 1311 948 1402 Sequanisque
964 1313 1126 1385 Germani
1145 1339 1239 1386 mer-

22 1486 24 1490 ,
105 1405 233 1479 tacta
256 1404 521 1471 arcesserentur.
597 1398 728 1467 Horum
755 1402 865 1489 primo
894 1402 1030 1470 circiter
1055 1404 1152 1473 milio
1175 1427 1239 1477 xv·

146 1496 302 1565 Menum
325 1489 512 1556 transisse:
549 1494 770 1577 posteaquam
791 1488 891 1573 agros
914 1497 951 1556 et
969 1491 1098 1559 cultum
1119 1497 1157 1558 et
1178 1515 1239 1560 co·

147 1584 225 1673 pias
245 1576 421 1649 Gallorum
441 1574 593 1642 homines
614 1575 681 1643 ieri
700 1598 739 1642 ac
755 1576 894 1644 barbari
910 1575 1141 1662 adsuessent,
1162 1585 1238 1648 tra-

147 1671 270 1739 ductos
288 1668 424 1758 plures:
453 1685 542 1730 nunc
562 1684 638 1729 csse
660 1663 696 1730 in
718 1663 830 1731 Gallia
853 1663 897 1731 ad
919 1686 951 1733 c.
972 1670 1008 1731 et
1021 1686 1082 1737 xx.
1100 1668 1236 1737 milium

104 1762 128 1826 6
146 1778 335 1827 numerum.
406 1749 494 1821 Cum
520 1750 573 1817 iis
594 1748 756 1821 Haeduos
775 1773 958 1841 eorumque
971 1751 1111 1821 clientes
1127 1758 1237 1824 semel

145 1853 249 1934 atqua
274 1845 396 1910 iterum
420 1840 524 1906 armis
553 1837 783 1921 contendisse3
823 1862 976 1926 maguam
1004 1842 1236 1912 calamitatem

144 1936 267 2025 pulsos
292 1927 480 2017 accepisse,
507 1947 638 1993 omnem
659 1927 892 2013 nobilitatem,
919 1948 1050 1998 omnem
1065 1938 1236 2016 senatum,

216 2115 324 2160 secreto
337 2103 367 2155 in
380 2102 503 2164 occulto]
527 2113 611 2155 cecro
623 2104 655 2156 iar
667 2105 780 2158 occuito
791 2105 874 2172 Bong.
887 2108 922 2159 Α.
945 2109 1061 2161 secreto
1073 2109 1105 2161 et
1117 2109 1234 2161 oscado

179 2180 252 2231 Med.
272 2188 298 2228 o.
312 2176 384 2226 ven.
404 2175 495 2224 hedai.
509 2174 571 2224 Ber.
585 2175 634 2224 (ir.
648 2187 674 2225 a.
687 2177 766 2227 surr.
782 2189 860 2229 sacr.
873 2180 904 2229 et
916 2177 946 2229 ia
957 2191 1017 2229 occ.
1030 2179 1094 2229 sid.
1109 2181 1233 2229 avaro.

178 2249 272 2309 steph.
295 2247 344 2296 Gr.
361 2244 388 2293 b.
410 2243 526 2295 secreto
543 2244 630 2293 codex
642 2244 805 2296 Hotomanni
816 2255 844 2296 et
857 2247 1026 2299 Hotomannc
1039 2249 1111 2296 teste
1124 2247 1233 2300 Fserni

176 2318 249 2371 liber
268 2322 297 2366 et
314 2311 429 2377 Vrsini,
452 2313 533 2364 Vind.
551 2312 607 2362 Bu.
626 2314 704 2363 Rom.
723 2316 768 2365 ab.
780 2317 852 2368 Veu.
872 2327 899 2366 a.
919 2317 995 2378 tips.
1014 2319 1089 2368 scel.
1103 2318 1176 2379 Dav.
1188 2317 1234 2369 ci.

176 2388 213 2439 lu
232 2387 282 2436 Dr.
300 2383 335 2433 A.
355 2382 444 2431 verbe
463 2384 494 2434 et
513 2383 626 2433 occulto
640 2381 668 2433 in
679 2384 817 2451 margine,
841 2387 891 2436 sed
903 2397 921 2437 a
933 2399 969 2437 nr.
982 2399 1024 2449 pr.
1038 2385 1142 2448 scripto
1157 2391 1233 2439 sunt.

176 2455 313 2508 Videntur
334 2452 452 2516 genuino
470 2453 498 2502 et
510 2453 545 2503 ad
559 2450 769 2514 magnitudinem
782 2454 934 2522 cautionis,
952 2469 1006 2518 qua
1015 2455 1063 2508 isti
1075 2456 1235 2521 ducemur,

153 2557 158 2565 -
177 2522 313 2586 apposita.
346 2523 461 2572 secreto
482 2521 519 2569 ad
538 2521 658 2572 arbitros
673 2530 700 2572 et
710 2525 797 2574 testes
810 2526 1008 2597 removendos,
1023 2525 1056 2575 iu
1069 2527 1183 2583 occidte
1196 2528 1234 2579 ed

175 2594 268 2645 iocum
287 2589 409 2641 abditum
427 2589 456 2639 in
474 2589 603 2640 interiore
623 2591 730 2644 aedium
742 2595 790 2644 vel
803 2593 916 2646 tentorii
928 2594 1024 2663 porte,
1042 2595 1090 2645 vel
1102 2597 1137 2646 aa
1149 2594 1234 2647 auri.

177 2669 236 2714 tunt
247 2661 332 2726 iilud,
348 2661 399 2709 hoc
413 2660 447 2710 sd
460 2658 550 2708 visum
562 2659 687 2720 pertinet.

211 2728 240 2793 s.
253 2729 280 2785 5.
314 2728 468 2789 traductos]
492 2727 682 2782 tractatuum
695 2729 758 2787 atd.
771 2740 834 2795 nep.
849 2733 876 2782 et
888 2743 980 2801 saum,
994 2727 1078 2785 etism
1088 2730 1161 2786 oud.

143 2873 377 2956 ellipsiinteitigi,
402 2882 664 2938 carenusvidetur
758 2883 785 2946 8.
799 2883 826 2938 4.
859 2887 1003 2952 tantopere
1018 2885 1053 2938 de
1071 2887 1232 2951 potentatu]

142 2957 361 3021 siciutelligare.
383 2955 481 3019 Itaque
493 2956 602 3007 Davisii
614 2968 664 3008 ra·
704 2953 879 3009 Potectatus
904 2961 931 3007 ir.
958 2970 985 3009 c.
1010 2957 1096 3010 totius
1116 2959 1232 3010 Galliae

142 3029 246 3080 tionem
260 3033 370 3075 secutus
385 3038 460 3090 surn,
478 3027 523 3089 qui
537 3031 664 3088 praeter·-
704 3025 873 3090 principatus
893 3028 954 3091 est,
984 3039 1064 3089 quem
1081 3029 1231 3080 Arvernos

144 3110 181 3149 es
194 3095 332 3158 aptissime
343 3093 484 3146 ciceronis
496 3096 585 3146 locum
599 3107 665 3146 con·
708 3095 845 3158 superiori
867 3098 957 3148 aetate
977 3096 1102 3147 tenuisse
1121 3097 1231 3149 casser

144 3165 208 3216 tulit
220 3166 277 3216 Att.
293 3165 342 3232 10,
358 3167 409 3215 16:
430 3163 612 3214 Commodum
625 3162 664 3215 cd
705 3166 742 3228 7,
758 3164 776 3214 4
792 3166 927 3233 ostendit,
943 3179 1006 3217 cmn
1019 3166 1180 3231 antiquitus,
1196 3169 1231 3217 nt

138 3238 175 3288 tc
194 3234 332 3285 dederam
348 3233 467 3284 litteras
484 3235 520 3284 dc
531 3232 664 3298 pluribus
707 3236 740 3298 6,
767 3236 801 3284 12
824 3236 926 3301 tradit,
951 3246 1057 3286 somma
1074 3236 1231 3287 auotoritas

142 3304 245 3366 rectu,
273 3313 338 3352 cum
363 3303 403 3353 od
427 3302 559 3354 metens
579 3315 646 3354 mcc
704 3304 778 3364 apud
792 3303 921 3356 Haeduos
934 3307 1025 3367 essct,
1048 3316 1117 3367 quoa
1130 3308 1232 3368 postea

142 3370 298 3434 Dionysius
311 3370 390 3437 fuit,
404 3372 430 3420 h.
444 3385 470 3421 e.
482 3374 567 3422 venit.
592 3374 618 3423 N
705 3372 842 3423 coniuncti
863 3386 924 3423 cunr
947 3375 1082 3437 Sequanis
1103 3373 1231 3441 Arverni

142 3443 234 3495 minus
246 3441 381 3492 subtiliter
391 3441 559 3492 nonnulliod
572 3441 600 3492 in
612 3444 663 3492 nac
705 3439 903 3493 Germanorum
922 3442 1025 3495 auxilio
1044 3455 1077 3494 eo
1096 3444 1162 3495 loco
1177 3445 1233 3493 da-

143 3510 261 3563 dictione
273 3520 324 3575 pro
336 3509 414 3576 opud
427 3510 544 3575 positum
563 3511 664 3564 existi·
703 3508 837 3561 iecerunt.
872 3513 948 3571 Quod
963 3515 1055 3565 autem
1070 3512 1230 3576 tantopere

142 3581 229 3634 mant·
679 3592 754 3644 ‚eos
767 3581 800 3629 dc
814 3581 953 3642 potentatu
965 3581 1138 3632 contendisse
1149 3581 1231 3647 dicit,

194 3648 256 3708 §.2
278 3645 307 3698 id
319 3648 497 3708 contendere]
513 3647 558 3699 ci.
569 3644 597 3713 4,
611 3647 662 3700 1⁷:
704 3650 740 3700 ad
761 3650 883 3712 proxima
899 3651 932 3699 de
946 3652 1123 3713 utrorumque
1134 3649 1231 3715 digni-

141 3717 175 3769 id
194 3716 250 3766 aiot
270 3717 499 3768 contendendum
509 3740 544 3754 -
556 3717 663 3769 eristi-
702 3718 761 3770 tete
777 3721 807 3769 at
825 3718 911 3781 copiis
927 3719 1085 3784 significate
1098 3723 1229 3784 spectare

141 3784 267 3838 mutant.
300 3785 367 3836 Sine
386 3788 661 3853 pronomin07,cs:
703 3786 829 3839 videtur:
870 3800 932 3839 curn
964 3788 1104 3850 principes
1139 3790 1229 3841 totius

138 3853 334 3919 contendunt,
350 3857 386 3906 ut
397 3856 469 3921 ipsis
480 3868 593 3908 summa
604 3854 661 3907 im·
703 3855 814 3907 Galliae
828 3855 958 3907 civitates
971 3861 1082 3920 essent,
1098 3869 1230 3922 mamam

138 3923 219 3992 perii
233 3924 386 3975 tradatur.
703 3937 798 3975 eorum
815 3927 845 3975 et
861 3926 997 3990 insignem
1020 3927 1229 3982 contentionem

192 3995 340 4053 venturos]
372 3992 415 4042 Gi.
435 3989 468 4058 5,
491 3989 544 4047 492
571 3992 607 4044 ui
622 3991 661 4046 'iu
702 4005 895 4046 essenccesse
910 4004 980 4047 erat.

139 4075 280 4114 mmmm
308 4063 548 4128 contemptionem
567 4061 660 4120 torti·
755 4061 782 4122 S.
806 4068 834 4114 6.
885 4068 972 4116 semel
1000 4068 1082 4130 atqua
1110 4064 1228 4126 iterum]

140 4132 313 4188 moerim.
701 4133 1026 4203 praetioccmptoritm
1039 4136 1229 4204 [actumst.
