2572 4688
366 258 370 267 '
436 239 540 319 tiit.
567 240 599 317 Ι.
640 241 763 320 GAP.
790 247 835 319 it
1135 249 1186 321 87

97 431 321 526 principatum
353 428 672 509 Galliae-obtinere
700 455 767 502 non
794 438 953 526 manant.
990 430 1179 523 Gallorum,
1280 450 1282 457 '

96 544 194 610 quum
214 519 448 595 Romanorum¹
459 521 606 608 imperia
623 519 793 610 porforrs3
824 543 932 610 nequo
947 520 1103 592 dubitare
1118 526 1179 595 de·

94 610 211 689 mant,
230 607 329 696 quin,
349 608 381 675 si
395 606 572 675 Helvetios
587 610 822 697 superaverint
834 611 994 692 Romani,
1015 632 1082 679 una
1096 634 1174 682 oum

93 699 223 784 reliqna
247 695 361 764 Gallia
381 694 535 764 Haeduis
554 695 747 765 libertatem
772 699 844 766 sint
872 698 1035 788 erepturi.
1110 691 1216 769 ΑΗ

93 783 217 853 eisdem
232 788 358 853 Tuostra
376 784 517 855 consilia
538 805 689 872 quaeque
701 785 737 851 in
750 787 874 853 castris
889 794 1051 873 gerantur
1066 786 1174 857 hosti-

91 871 158 939 bus·
168 872 357 939 enuntiari:
371 871 440 943 ‚hos
455 892 526 938 aso
540 872 689 943 coerceri
703 893 770 939 non
782 895 894 961 possa.
961 874 1054 961 Quin
1068 877 1172 945 otiam
1193 865 1216 934 4

90 958 179 1049 quod
200 958 394 1027 necessario
415 980 487 1027 rsin
505 965 643 1027 coactus
659 958 800 1031 Caesari
816 959 1019 1048 enuntiarit,
1037 963 1171 1035 intelle·

118 1116 176 1170 ctio
192 1122 222 1168 et
236 1106 394 1181 praestare
404 1113 479 1169 idem
498 1113 550 1180 sit,
578 1106 765 1182 pneumatice
782 1132 858 1186 esse,
880 1132 934 1185 qua
949 1120 1055 1174 ratione
1071 1120 1170 1176 deinde

117 1200 170 1238 nec
181 1182 330 1253 'perferre
347 1187 503 1254 (proferre
517 1185 600 1238 vind.
616 1186 650 1237 Β.
668 1190 715 1241 uel
728 1193 873 1259 perferre
888 1190 968 1241 Vini.
986 1189 1017 1241 c.
1034 1191 1118 1241 Voss.
1136 1194 1169 1242 Β.

116 1258 166 1308 oei
181 1258 341 1323 praeferre
358 1258 438 1308 Gothi
452 1258 488 1307 A.
511 1257 583 1306 aetla
599 1258 740 1326 perferre
757 1260 805 1311 Dr.
819 1260 849 1309 Β.
865 1261 934 1323 itsg.
946 1260 1029 1324 Bong.
1045 1258 1076 1312 c.
1090 1261 1169 1313 Laii.

116 1325 165 1387 Β.)
182 1338 235 1376 noo
249 1327 366 1377 alterum
382 1325 502 1379 debcant
518 1326 635 1387 (debent
650 1327 762 1390 iiamb.)
782 1328 883 1383 mutari
896 1341 1012 1379 necesse
1029 1331 1083 1380 eet.
1115 1333 1169 1383 At-

117 1407 169 1458 que
186 1396 256 1445 baec
272 1395 343 1446 rutio
359 1396 537 1458 praeterendo
554 1395 639 1457 priori
653 1398 777 1464 videtur,
804 1400 853 1449 sei
869 1398 920 1446 hoc
935 1397 1094 1450 incommodi
1117 1401 1169 1452 bo-

117 1465 179 1530 net,
203 1464 273 1526 quoi
289 1478 342 1514 uon
361 1465 489 1528 apparet,
515 1477 566 1529 quo
585 1465 664 1515 modo
675 1466 776 1518 dicant
788 1466 816 1518 in
830 1465 951 1518 debeant
965 1466 1074 1519 abierit.
1108 1468 1168 1519 ltn-

117 1546 169 1596 que
187 1534 413 1596 crotonicorum,
434 1533 558 1595 quoniam
576 1546 645 1595 qnae
663 1536 926 1600 concessxnibent,
943 1538 1168 1604 sannuncurt,

116 1602 218 1654 aaut
241 1604 413 1653 scribentium
435 1603 546 1669 putavi,
574 1604 625 1652 linc
648 1617 747 1655 tensus
776 1616 844 1656 sane
867 1604 986 1667 iniquum
1002 1617 1082 1670 csse,
1112 1618 1166 1656 non

115 1672 193 1736 ipsos
216 1672 345 1722 Haeduos
372 1671 552 1734 principatum
574 1670 694 1723 obtinere
700 1689 712 1736 3
739 1673 790 1724 ceti
810 1680 917 1737 tmen,
938 1673 964 1723 si
986 1672 1016 1741 io
1037 1674 1092 1724 iam
1110 1687 1167 1726 nou

114 1747 242 1805 ponent,
273 1741 394 1791 secundo
417 1740 479 1790 loco
501 1742 551 1791 boc
571 1741 721 1793 habentium
741 1755 819 1809 esso,
842 1749 873 1793 nt
888 1742 1091 1809 Helvetiorum,
1113 1745 1165 1794 boc

116 1818 175 1872 eet,
199 1808 341 1859 Gallorum
363 1807 453 1871 potius
475 1807 590 1871 imperia
613 1811 768 1876 perierunt,
795 1823 877 1874 quam
897 1813 1093 1871 Romanorum
1124 1811 1165 1863 itu

114 1890 173 1929 rem
195 1885 380 1941 comparatum
406 1889 485 1934 esse,
513 1885 543 1926 ut
565 1880 616 1925 hoc
640 1888 782 1939 praestare
798 1879 833 1928 'et
856 1880 953 1930 mellus
970 1892 1032 1929 esse
1049 1880 1165 1942 debcat3

115 1948 143 2001 eo
168 1938 249 2010 malfia
273 1942 313 1999 tis
338 1943 540 2004 interiectione
563 1945 642 1998 antec
663 1942 738 2001 cinea
756 1942 901 2012 &abilina
918 1940 1096 2012 usitatam
1113 1947 1163 2003 beo

113 2012 225 2083 liorpcp
240 2025 288 2069 cot
304 2013 349 2068 bot
366 2018 445 2069 antec
462 2011 501 2067 bic
517 2000 617 2069 bonet
632 2011 724 2079 babeo.
757 2016 879 2070 Eandem
891 2017 1074 2067 coniecturam
1084 2017 1164 2067 Her·

39 2094 41 2103 ·
114 2086 214 2150 copim
236 2084 267 2136 in
289 2085 409 2137 secunda
431 2083 549 2138 editione
572 2082 656 2152 fecit,
680 2096 807 2153 seusun,
836 2086 1081 2153 coemeteriorum,
1108 2094 1163 2138 nou

114 2154 238 2208 ostenuit.

147 2222 274 2287 possent]
288 2220 404 2286 possint
416 2223 449 2272 ie
460 2219 623 2275 Hotomanni
636 2219 794 2275 coniectura
807 2217 918 2288 Lipsius
931 2229 960 2275 et
974 2233 1065 2288 seqq„
1078 2218 1162 2272 etism

115 2290 181 2344 ond.
207 2292 415 2357 Imperfectum,
439 2294 508 2356 quod
530 2304 623 2344 omnes
641 2293 749 2343 codices
770 2293 842 2344 tueri
857 2293 999 2359 videntur,
1024 2290 1161 2353 significat

114 2361 194 2411 etiam
212 2373 283 2410 nunc
302 2360 482 2422 principatum
498 2361 614 2414 obtineri
631 2364 665 2412 ub
681 2363 803 2417 ilaeiuio
822 2372 912 2425 posse.
936 2359 981 2412 Gt.
997 2373 1021 2412 c.
1033 2360 1069 2411 ³4
1087 2358 1114 2419 S.
1128 2361 1162 2408 2:

114 2430 140 2480 ei
160 2428 231 2495 qaia
254 2429 312 2493 ipsi
335 2443 354 2479 a
376 2430 500 2482 Caesare
522 2444 594 2495 opas
625 2433 743 2494 essct,
769 2443 832 2482 sese
853 2430 893 2481 ati
916 2440 982 2482 eum
1002 2430 1161 2480 ventarum

115 2499 221 2568 {anses
242 2499 270 2549 si
289 2499 358 2563 qaia
375 2499 423 2549 ilic
439 2513 470 2551 se
488 2501 598 2562 satit,
621 2500 703 2550 itiam
718 2500 758 2551 ari
774 2512 807 2551 se
822 2498 925 2550 uenire
941 2502 1088 2564 oportcro.

146 2568 172 2629 s.
190 2564 218 2618 t.
252 2568 505 2629 necessariorem]
531 2568 728 2621 necessariam
749 2579 814 2620 ram
836 2569 920 2633 Bong.
942 2568 1000 2621 AG.
1022 2568 1099 2619 heiti.
1125 2565 1160 2615 A.
1245 2576 1249 2587 ·

114 2634 196 2689 Voss.
221 2637 279 2687 AB.
301 2639 381 2700 ligur.
400 2638 449 2689 Dr.
466 2640 497 2688 Β.
513 2638 593 2690 vrat.
615 2641 651 2688 A.
667 2637 748 2687 vini.
764 2636 823 2689 AF·
840 2644 869 2687 oc
884 2649 903 2686 a
919 2649 955 2690 m
974 2636 1063 2701 prins
1080 2634 1161 2685 Goth.

113 2705 146 2755 Δ.
165 2706 213 2756 tir.
232 2706 276 2757 ab.
295 2708 384 2767 steph.
402 2704 433 2755 P.
448 2710 520 2757 bien.
544 2704 762 2757 necessariora
779 2708 862 2767 Bong.
879 2701 929 2770 it,
951 2707 1022 2768 quon
1035 2703 1161 2766 placebas

113 2774 216 2839 lipsio.
250 2777 321 2824 sane
344 2774 404 2825 civ.
425 2779 456 2841 1,
473 2774 508 2825 io
532 2776 699 2827 necessaria
722 2787 757 2826 rc
778 2775 894 2825 coactos
912 2776 982 2825 idem
1000 2776 1060 2840 est,
1090 2771 1161 2834 quoti

109 2843 283 2896 necessitate
300 2846 417 2895 coactas
431 2845 465 2911 8,
482 2843 517 2894 ts
537 2849 566 2895 et
584 2846 644 2895 nir.
658 2844 709 2908 55,
727 2851 755 2894 et
770 2845 852 2899 multo
864 2843 974 2893 facilius
986 2841 1062 2910 binc,
1079 2850 1162 2904 quum

113 2924 146 2963 ex
170 2914 287 2975 vulgata
308 2914 425 2963 lectione
449 2914 644 2966 necessariam
666 2926 748 2979 rem,
776 2912 846 2976 quoti
862 2910 891 2960 iu
907 2910 999 2963 multia
1017 2918 1045 2961 et
1061 2909 1161 2971 partim

113 2982 219 3045 optimis
242 2982 448 3047 laurisamni,
477 2984 543 3034 oriri
566 2983 660 3045 potuit
701 2982 754 3035 Sci
777 2982 891 3044 vulgata
914 2991 1018 3044 quoquc
1033 2986 1109 3029 recta
1127 2989 1161 3027 se

111 3050 199 3101 lebet.
234 3048 277 3099 Cf.
290 3049 349 3100 civ.
363 3054 389 3116 3,
406 3050 457 3101 ts:
478 3052 642 3104 necessario
658 3052 721 3108 taca
737 3050 818 3116 atqui
834 3047 957 3105 demissa
968 3061 1003 3100 ac
1011 3045 1162 3112 palustria

111 3120 141 3172 et
153 3121 258 3184 puteos
275 3120 379 3186 fodere
395 3119 577 3186 copebaatar.
613 3122 649 3169 ib.
666 3134 691 3172 c.
703 3120 752 3172 78:
777 3120 803 3168 si
819 3118 983 3171 neccessario
999 3117 1080 3171 illam
1097 3117 1161 3168 sais

110 3189 254 3245 ιιιωίιὲιιηι
270 3190 354 3255 ferre
371 3193 499 3256 coperei.
532 3189 662 3249 Similiter
678 3189 777 3245 Liscus
790 3202 820 3239 se
832 3189 990 3241 necessario
1003 3200 1060 3242 rem
1072 3198 1160 3236 enun-

109 3256 179 3311 tiare
197 3265 320 3309 coactum
338 3258 428 3309 dicere
446 3267 568 3325 poterat,
592 3260 621 3308 et
639 3260 708 3323 quod
725 3256 921 3327 enuntiaverit,
943 3268 1041 3319 magno
1056 3256 1084 3306 id
1097 3267 1160 3305 cum

108 3326 231 3389 periculo
255 3327 358 3379 fecisse
383 3329 456 3383 dicit.
489 3329 654 3382 necessario
671 3327 827 3383 adverbium
845 3333 904 3391 est3
929 3328 957 3377 et
971 3326 1088 3377 coactas
1106 3334 1160 3374 non

108 3395 246 3449 &muare
269 3409 305 3449 cx
326 3397 379 3467 iis,
405 3411 474 3467 quac
491 3401 527 3457 an
542 3397 599 3453 c.4
616 3397 643 3462 S.
658 3400 674 3453 1
691 3395 907 3463 adnotavimus„
922 3393 1092 3460 intelligitur.
1126 3391 1159 3445 io

125 3549 193 3615 cap.
208 3552 251 3605 17.
268 3552 296 3614 S.
311 3555 337 3603 2.
371 3567 428 3606 nnn
447 3566 507 3605 cum
527 3551 598 3605 reli·
640 3566 722 3620 ctus,
753 3555 825 3617 apud
843 3551 954 3606 Livium
972 3549 1093 3605 Manlius
1113 3549 1159 3616 ³8,

79 3631 129 3683 tut
141 3622 236 3674 usura
249 3623 384 3687 usensis]
401 3627 427 3675 b.
441 3637 466 3674 e.
480 3630 508 3675 et
520 3625 597 3673 ilae-
633 3621 675 3683 ‚to
692 3625 764 3675 extr.
784 3635 841 3688 pro
863 3622 1005 3689 felicitate
1018 3632 1086 3679 anea
1105 3632 1160 3683 po-

78 3688 136 3740 inin
161 3700 192 3740 et
217 3694 340 3756 reliquas
359 3693 477 3743 Galliae.
517 3693 598 3743 Alte·
638 3693 797 3757 stolarum,
826 3692 861 3742 ai
879 3692 935 3743 ἀίίε
957 3688 1160 3741 capacitatibus

77 3769 150 3827 rum,
167 3761 240 3824 quoti
255 3761 297 3812 liis
308 3762 401 3812 vorbis
415 3760 598 3826 significatum
630 3763 730 3823 ¹tacitos
745 3762 904 3814 baberetur
922 3760 952 3813 tt
971 3760 1032 3827 ipsc
1051 3758 1160 3810 iriam·

77 3836 259 3898 computent,
283 3830 441 3882 coniunctos
454 3831 598 3884 cumroii-
638 3831 732 3898 pbaas
758 3830 791 3881 ia
808 3829 979 3896 Capitolium
1001 3827 1161 3882 docende·

76 3896 135 3959 quis
155 3898 248 3949 Gallis
270 3900 406 3951 Romsnm
420 3900 541 3952 Haeduis
559 3900 597 3951 ii-
639 3912 720 3962 rem,
737 3899 812 3953 ande
826 3901 902 3952 votis
913 3900 974 3952 rita
985 3895 1161 3963 nuncupatis

75 3962 208 4019 nimum
231 3977 372 4030 erepturus
386 3984 468 4036 esse,
485 3969 597 4020 tnmlu-
640 3971 793 4035 profectas
813 3983 887 4021 sam.
926 3966 1086 4035 Neparetis
1107 3965 1160 4017 boc
1260 3980 1266 3993 ¹

76 4036 166 4095 ertum
186 4043 249 4102 est,
271 4042 302 4090 ut
319 4038 433 4102 cogitari
453 4041 487 4090 tie
499 4051 532 4090 eo
544 4051 598 4089 uon
641 4038 788 4093 criticam
799 4039 857 4093 iiis
869 4026 1092 4097 anastasios?

77 4105 174 4167 Mil·
209 4105 270 4160 Nec
281 4107 380 4177 aliter,
398 4121 480 4176 quam
491 4109 534 4161 liic
549 4108 598 4162 Iri-
