2572 4688
105 218 110 224 ’
160 207 272 320 πο.Ι
420 233 701 356 ouuuuuo
731 246 988 322 esttrco

159 437 232 502 iere
261 438 412 520 wmpore
438 430 480 505 P.
508 432 674 515 creseus,
707 457 782 503 euru
811 437 847 503 in
874 437 1099 527 Aquitaniam
1129 459 1237 527 perue-

159 525 288 600 nisset,
317 542 403 608 quoe
421 543 521 608 pars,
550 529 591 588 ut
608 530 685 589 onte
699 521 826 591 dietum
840 533 912 606 est,
940 535 976 593 et
997 528 1173 612 regionum
1192 528 1237 596 lo·

122 652 129 669 ·
159 608 305 676 titudine
331 616 366 674 et
391 608 606 676 multitudiue
634 609 804 677 hominum
831 633 872 677 ex
900 615 1003 679 tertia
1034 620 1134 705 p‘orie
1162 615 1238 682 Gol-

157 698 225 762 liae
249 702 303 763 est
333 696 560 775 restituendo,
589 718 663 763 oum
690 700 904 782 intellegeret
921 700 957 765 in
980 702 1035 767 his
1060 703 1150 769 loeis
1176 704 1238 770 sibi

49 792 52 797 “
157 784 283 850 bellum
316 781 516 867 gerendum,
552 784 612 850 ubi
639 787 756 873 poueie
786 792 863 854 unte
891 787 987 854 urnis
1012 787 1056 859 L.
1079 787 1238 858 Valerius

225 959 292 1042 cup.
303 958 351 1042 ‚²⁰2
372 955 399 1017 S.
412 961 439 1009 1.
471 971 507 1011 ex
523 959 608 1035 tertia
623 961 725 1023 ponet
743 963 775 1014 et
791 975 830 1016 eu·
848 964 870 1016 t.
887 976 918 1028 p.
932 964 980 1016 Dr.
998 966 1030 1016 B.
1059 965 1238 1033 tertiatione

190 1031 467 1156 cogoiiislrgssugaliio
484 1093 568 1148 Voss.
585 1096 615 1148 c.
634 1105 662 1148 et
677 1111 736 1151 see.
753 1099 822 1151 oud.
839 1100 922 1166 Bong.
939 1102 974 1152 A.
989 1101 1047 1162 (Pl.
1066 1106 1169 1164 tonet)

221 1164 711 1294 rigzliglussdlaifmebnistinnartdaeod.
734 1235 826 1288 lirant.
851 1237 924 1289 Duk-
942 1237 1023 1289 Goth.
1039 1240 1077 1290 A.
1104 1238 1164 1298 (hio
1180 1249 1237 1289 ouon

173 1313 288 1367 -nuncto
305 1304 356 1352 snb
372 1303 414 1362 is)
430 1303 492 1353 Ald.
509 1306 537 1352 et
555 1316 613 1366 sqq.
633 1312 698 1355 ente
715 1306 756 1356 lu.
783 1306 982 1359 aestimande.
994 1343 1016 1358 ..
1035 1307 1122 1358 cond.
1141 1307 1236 1370 (Bong.

189 1367 249 1435 ci)
271 1372 442 1424 entimanda
458 1376 502 1430 (ut
516 1373 574 1421 iere
587 1372 690 1433 solent)
708 1375 756 1424 Dr.
774 1377 830 1426 Ali.
843 1376 924 1427 Vrot.
941 1375 973 1427 c.
993 1376 1072 1428 (ioth.
1089 1377 1122 1426 B.
1142 1377 1236 1428 llemb.

188 1443 270 1494 vind.
290 1442 361 1492 cst.
385 1441 546 1493 estimanda
561 1440 631 1489 Ven.
649 1443 692 1493 de.
709 1445 769 1494 lior·
787 1446 886 1506 (Βοῦς.
904 1447 953 1504 A.)
1271 1469 1274 1478 ·

223 1510 279 1571 iris]
304 1510 375 1575 „Sic
398 1511 475 1560 MSS·
500 1518 528 1558 et
550 1509 617 1558 lldd.
640 1510 715 1559 vett.
733 1524 785 1562 nou
802 1509 896 1563 illis.“
921 1515 980 1563 Pet
998 1512 1083 1564 Voss.
1100 1515 1137 1564 A.
1161 1514 1235 1576 Egon.

188 1581 258 1637 Lon.
283 1592 339 1629 see.
361 1578 445 1629 Febr.
471 1577 526 1627 iniis
550 1576 622 1627 (init.
639 1578 718 1630 Vret.
735 1581 788 1630 Bc.
807 1582 902 1632 liamb.
927 1582 964 1632 iis
981 1583 1058 1633 Ronn
1077 1595 1104 1633 a.
1122 1583 1194 1634 oded.
1210 1595 1235 1633 o.

188 1650 260 1701 Ven-
284 1648 310 1697 b.
336 1648 375 1697 St.
398 1648 447 1696 Gr.
467 1649 490 1696 b.
518 1646 576 1696 illis
594 1648 666 1696 flav.
683 1649 717 1696 ll.
735 1649 815 1699 Vind.
833 1652 867 1699 Α.
885 1652 1019 1718 Aldinae,
1042 1652 1093 1703 Gr.
1111 1664 1141 1709 u.
1158 1653 1233 1702 durs.

184 1726 217 1767 et
237 1729 295 1780 sqq.
314 1718 376 1767 unte
394 1717 460 1767 0ud.
478 1717 506 1765 et
523 1716 590 1766 oud.
604 1718 630 1764 2.
648 1716 740 1769 nesoio
757 1730 793 1768 an
809 1718 868 1780 ipso
885 1719 981 1772 invito.

222 1787 268 1844 ln]
293 1786 399 1836 Lucius
423 1787 499 1850 llgm.
523 1796 579 1834 seo.
605 1785 688 1837 Febr.
709 1788 793 1852 lioug.
811 1789 845 1837 Α.
867 1791 916 1840 Dr.
932 1792 966 1841 A.
983 1789 1066 1841 Vrut·
1082 1788 1141 1839 All.
1157 1785 1236 1841 Viud.

187 1854 382 1984 miltii’erersqt.
394 1852 499 1975 tourins
517 1925 546 1974 S·
564 1935 620 1974 seo.
638 1923 672 1976 D.
689 1923 774 1976 Voss.

152 2095 239 2150 rendi
250 2094 354 2148 innato
364 2096 419 2147 est.
445 2095 540 2156 ltaque
554 2093 613 2145 sine
624 2107 671 2145 ru·
714 2076 877 2152 (Turselid
895 2110 922 2158 p.
936 2093 1019 2160 658)',
1038 2095 1178 2148 Freuudio
1190 2094 1231 2155 (in
1248 2120 1251 2132 ·

151 2165 226 2217 tione
238 2165 371 2215 nonnullis
382 2167 448 2215 noco
461 2164 516 2214 tria
528 2167 615 2214 veron
627 2167 672 2215 oi·
714 2166 768 2214 lex.
782 2179 809 2214 v.
822 2165 994 2224 aestimare)
1017 2166 1056 2216 od
1073 2169 1181 2217 modum
1194 2169 1233 2217 lo-

151 2233 270 2287 rensioul
300 2234 428 2295 fluerunt,
466 2244 536 2295 qnod
565 2233 671 2297 quidem
713 2234 850 2286 outiouum
864 2247 902 2285 eu
916 2232 1045 2299 artifieio
1059 2236 1234 2287 comicoati-

150 2305 188 2354 ad
201 2300 406 2354 concinnitatem
424 2303 491 2352 odeo
510 2302 670 2352 necessaria
713 2315 797 2366 quem
808 2305 963 2354 aestimare
980 2303 1053 2361 (cic.
1069 2302 1232 2354 Rosolionr.

150 2381 230 2437 sunt,
244 2374 277 2425 ,ut
289 2371 324 2420 iis
336 2369 448 2422 remotis
463 2371 670 2421 intolerabiliter
712 2373 762 2431 10)
782 2381 830 2423 aut
849 2373 992 2424 amicitias
1008 2373 1233 2439 inimicitiasque

148 2441 357 2506 praerepturas
370 2439 465 2491 oratio.
486 2443 576 2502 Atque
587 2440 668 2490 etiam
710 2453 769 2490 non
782 2454 820 2492 eun
833 2454 885 2506 re,
904 2443 956 2493 sed
969 2454 1007 2492 em
1022 2446 1171 2496 correntodo
1184 2457 1234 2494 oe-

150 2512 244 2562 uitimo
265 2513 388 2561 detracto
413 2510 455 2568 (id
472 2511 542 2572 quod
557 2510 667 2558 Oudeu-
696 2507 1168 2576 'stintaretsalusncet1055),
1186 2512 1233 2562 sed

149 2581 244 2644 dorpio
256 2580 398 2643 placebat)
422 2589 519 2628 manea
539 2579 667 2641 periodus
710 2578 750 2628 lta
762 2580 952 2642 explicandum
964 2580 1091 2648 videtur,
1108 2591 1139 2632 ut
1149 2581 1233 2647 Aqui·

148 2653 267 2702 videtur.
294 2649 402 2698 Pariter
414 2646 442 2697 in
455 2647 580 2698 clausule
592 2647 667 2709 posi·
710 2648 785 2699 terrio
802 2651 872 2711 quod
890 2652 925 2699 ad
943 2648 1084 2712 regionum
1111 2650 1232 2703 latitudi-

149 2729 205 2772 tum
219 2727 262 2769 est
276 2720 383 2781 esset,
400 2715 434 2768 4³
453 2714 479 2774 S.
494 2717 512 2766 8
527 2719 562 2767 ut
574 2716 667 2767 socios
710 2729 771 2766 uem
781 2717 1013 2768 etmultitudinem
1023 2719 1159 2771 hominnm
1169 2733 1231 2783 uer-

146 2795 235 2854 utque
248 2787 355 2838 anticos
366 2799 424 2836 non
436 2786 520 2836 modo
536 2786 583 2835 sui
594 2786 666 2835 iiiiii
709 2786 794 2849 tinet,
811 2800 846 2835 ex
861 2787 941 2837 tertia
955 2796 1031 2848 perte
1046 2788 1157 2841 Galliae
1169 2800 1231 2839 esso

146 2860 324 2923 deperdere,
340 2856 391 2907 sed
402 2854 520 2920 qratia,
537 2857 666 2921 diunita-
708 2856 896 2906 aestimatione
909 2857 986 2905 tuoto
998 2855 1145 2908 iudicando
1154 2857 1231 2908 dioe-

145 2933 193 2995 te,
209 2927 318 2977 honore
331 2925 479 2976 auctiores
492 2925 562 2974 vetit
576 2937 647 2978 esse.
708 2931 762 2973 tur.
797 2925 926 2975 ludiciunr
944 2924 1033 2987 euim,
1057 2928 1129 2989 qnod
1146 2928 1231 2978 oesti-

198 2996 264 3055 cnp.
276 2995 319 3042 20.
339 2991 366 3052 S.
380 2996 405 3042 1.
439 3000 470 3042 ut
487 3001 551 3044 aute
565 2994 666 3044 dietum
708 2991 854 3044 motionem
866 2992 1003 3058 sequitur,
1021 2991 1128 3046 caesor
1139 2996 1180 3048 ito
1192 2998 1231 3046 si·
1241 2990 1259 3021 ⁸

145 3069 202 3125 est]
226 3063 304 3112 lnitio
316 3061 377 3111 iibri
390 3059 478 3123 primi.
708 3062 839 3124 gnifieare
852 3063 937 3126 solet,
954 3070 985 3112 ut
996 3062 1086 3125 ipsam
1099 3067 1229 3118 aestimo

194 3146 228 3182 ex
239 3128 666 3192 tertianorteiieilieeesteesti-
709 3130 808 3182 tionem
830 3143 862 3181 eo
880 3132 957 3181 modo
970 3135 1156 3193 comparatam
1168 3149 1230 3186 esse

145 3203 257 3259 rnurrde]
289 3201 329 3250 De
351 3200 430 3249 huius
452 3198 667 3261 locitseuteutie
708 3200 790 3250 dieat.
825 3197 1229 3269 ot.7‚14taecst9raviu

145 3268 263 3322 dubitari
277 3279 330 3318 non
343 3276 446 3330 retest,
470 3265 533 3329 quin
549 3267 665 3328 Aquite-
707 3270 761 3320 atti
772 3268 877 3320 acerbe
889 3268 1056 3333 uideantur,
1072 3275 1166 3324 medio
1178 3274 1229 3328 itta

102 3342 106 3346 ’
144 3343 217 3392 niam
238 3350 286 3399 pro
305 3338 387 3388 tertie
404 3338 480 3397 purte
493 3337 600 3387 Galliae
609 3338 665 3387 da·
706 3337 1229 3410 graviusaestirnaredebere,lideroe‚

144 3412 258 3461 tendam
278 3419 339 3457 esse
359 3407 477 3467 seriptor
489 3407 664 3470 demonstret,
706 3407 841 3473 coninqes
854 3408 885 3457 in
898 3407 1073 3460 servitutem
1086 3409 1226 3463 &strati

144 3480 193 3530 sed
207 3477 277 3528 ratio
300 3476 445 3526 verborum
457 3476 574 3526 obscura
587 3482 615 3523 et
628 3476 663 3524 ab
706 3484 759 3526 etc.
793 3478 829 3525 ib.
843 3479 877 3526 39
902 3488 1026 3540 quorum
1038 3479 1164 3532 satutem
1176 3493 1228 3533 ne·

144 3547 208 3599 eliis
220 3547 301 3597 aliter
316 3553 359 3593 est
373 3545 520 3596 declarata.
545 3543 612 3594 Mihi
625 3543 663 3609 id,
706 3557 760 3610 que
777 3545 934 3609 propinqui
956 3547 1108 3612 neuieqere
1135 3563 1227 3615 neque

144 3615 213 3678 quod
230 3612 433 3675 oudendorpius
453 3613 481 3662 in
498 3612 600 3662 duobus
614 3624 663 3662 eo-
705 3613 811 3665 civitae
832 3613 891 3665 levi
910 3619 1053 3666 momento
1070 3618 1227 3671 aestimem

143 3683 249 3734 dicitius
271 3694 288 3733 e
309 3695 339 3732 se
360 3682 498 3743 repertum
524 3680 662 3745 proruunt,
703 3685 809 3748 posset.
834 3694 887 3746 quo
906 3684 965 3734 loco
985 3684 1051 3735 item
1069 3697 1119 3747 uto
1136 3689 1226 3741 oesti-

143 3766 184 3804 ιω
197 3752 288 3802 tertio
297 3753 385 3814 parte
398 3750 493 3802 Gallie
509 3751 553 3800 est
570 3751 662 3801 aesti—
704 3763 786 3802 nuere
805 3751 868 3813 poni
885 3765 947 3819 esse
961 3752 1097 3806 indicare
1110 3765 1225 3818 poteret.

143 3822 263 3884 nunde,
286 3818 488 3873 inusitetnuet
501 3831 519 3869 o
533 3818 662 3870 caeseris
703 3823 746 3873 lix
767 3820 851 3879 tertie
868 3825 960 3873 autem
978 3832 1058 3886 parte
1077 3833 1143 3880 esse
1155 3826 1226 3878 idem

143 3891 250 3953 iugenio
262 3889 380 3940 alienum
391 3901 479 3952 genus
490 3887 599 3938 'dicendi
611 3891 661 3938 he·
704 3897 765 3955 est,
781 3890 851 3952 quod
863 3903 898 3940 ex
911 3904 946 3943 eo
959 3894 1108 3945 constare.

131 3954 226 4025 'ltere‚
250 3970 336 4019 neque
358 3959 487 4020 veroid,
509 3957 661 4019 quodreli-
754 3957 808 4009 sibi
832 3957 932 4011 bellurn
957 3963 1122 4024 gerendum]
1154 3962 1227 4015 ilino

143 4041 254 4092 quorum
271 4028 399 4079 librorum
418 4025 560 4077 consensio
575 4034 660 4077 tutum
701 4024 893 4090 interpretatio
905 4032 1021 4091 petendu
1033 4043 1139 4097 eorum,
1155 4046 1227 4099 quae

142 4102 283 4168 praestet,
317 4108 379 4148 curn
410 4095 522 4162 lleldio,
555 4095 659 4148 llondio
703 4097 775 4148 c.11
794 4093 850 4159 803
868 4098 1160 4154 obscuredictesnut.
