2572 4688
89 295 157 365 noo
351 284 424 354 uu
451 280 915 381 ontio-onumen

88 475 336 554 Coriosolitas,
364 471 543 587 Sesamos,
571 472 761 557 Aulercos,
780 470 960 556 Redones,
986 491 1076 562 quae
1096 477 1175 541 suni

125 650 188 690 eum
210 633 333 685 codicum
353 629 382 682 iu
404 630 518 695 reliquis
539 633 646 685 dnobus
668 631 738 684 locis
760 633 925 687 auctoritato
944 639 1045 696 potest.
1085 633 1177 697 Atque

124 710 196 762 idem
218 699 363 764 Pomponio
383 702 474 752 Melae
492 703 525 767 3,
541 704 559 753 2
576 701 602 762 S.
616 703 650 769 7,
672 702 762 753 Plinio
777 703 848 754 llist.
864 705 921 757 nai.
938 701 958 754 4
973 701 1002 764 s.
1016 703 1051 753 82
1067 701 1178 768 (pain

124 775 231 839 stillg.)
248 770 345 823 oroslo
358 771 386 836 6,
403 769 421 820 8
437 782 488 819 uec
503 769 596 821 invitis
608 771 728 833 ipsoram
739 772 877 823 codicibus
890 770 1078 836 tribuendum,
1094 772 1178 821 stra-

123 845 189 900 boni
212 853 281 892 vero
303 835 355 890 li
375 852 402 901 p.
416 837 451 889 53
468 840 518 891 'le-
535 848 563 890 et
579 843 781 908 Ptolemae02‚
798 842 817 894 8
832 845 875 906 (p.
886 841 923 895 47
938 842 984 893 ed.
1001 840 1134 892 Francoi.
1150 848 1178 890 t.

127 913 198 969 1605
213 913 277 969 iol.)
294 908 525 973 quadrisyllabum
542 911 744 972 relinquendum
761 909 878 964 videtur.

159 978 352 1038 Curiosoiitas]
378 977 579 1028 Coriosolitas
590 981 674 1043 Bong.
690 982 725 1029 A.
742 992 799 1030 sec.
816 981 859 1031 Pl.
884 977 1075 1032 ocrasmitos
1092 975 1177 1029 Viad.

79 1051 84 1059 “
125 1058 161 1107 a.
194 1049 239 1102 ci.
256 1049 373 1101 adncr.
390 1047 553 1113 sd3,7,et
570 1051 602 1099 11
621 1047 769 1117 etms,
792 1045 928 1113 quo'loco
950 1045 1140 1100 Coriosolites
1158 1057 1178 1096 a

124 1120 264 1175 codicibus
285 1117 423 1179 monento
446 1113 550 1166 firmins
574 1125 634 1182 est,
662 1130 744 1181 qnam
759 1116 831 1176 Gur.
848 1119 937 1171 Plinio
956 1120 976 1169 l.
995 1130 1019 1169 c.
1037 1122 1103 1168 sunt
1120 1115 1177 1167 ca·

125 1187 299 1247 riosoeiiies.
331 1185 477 1246 Perperam
500 1183 584 1250 igitur
606 1186 641 1239 ab
657 1186 764 1238 Vlterto
787 1186 903 1252 allisque
919 1184 1105 1239 Coriosolitae
1123 1196 1176 1236 vo-

80 1318 83 1323 ,
124 1263 233 1314 cantur.
271 1256 330 1309 lieo
353 1253 423 1305 satis
446 1252 521 1314 scio,
542 1256 613 1306 unde
636 1256 827 1309 Banmstarklo
848 1255 1042 1319 paenultimam
1064 1256 1178 1320 longam

80 1380 84 1385 ,
127 1342 196 1382 esso.
213 1323 367 1378 lnnotuerit.
401 1324 503 1374 Nomen
520 1324 627 1386 quidem
643 1323 795 1392 Carseoli,
822 1338 875 1391 quo
891 1325 971 1377 hodio
986 1336 1088 1389 pagum
1104 1324 1177 1375 baud

124 1397 221 1465 procul
244 1396 280 1447 ab
301 1392 397 1456 oppido
418 1393 463 1443 st.
482 1392 561 1443 Maio
576 1393 658 1444 situm
674 1395 831 1462 appellant,
853 1392 972 1447 sirecte
989 1394 1024 1445 ab
1041 1392 1099 1445 illis
1116 1392 1177 1444 ori-

124 1469 214 1534 ginem
236 1466 336 1515 ducere
363 1468 488 1527 putatur,
512 1464 573 1524 plus
597 1463 744 1514 adversari
765 1462 792 1514 ei
813 1462 948 1530 opinioni,
972 1474 1055 1526 quam
1076 1462 1176 1513 lavere

124 1535 253 1599 analogia
276 1529 420 1593 Quiritium
442 1538 471 1579 et
498 1531 658 1583 summeium
680 1530 799 1586 videtur.
839 1535 917 1595 Quae
939 1530 1007 1585 sciri
1028 1533 1177 1599 siquenm,

124 1605 216 1675 quidni
232 1602 341 1654 nescire
356 1593 513 1651 iateamm?

158 1671 303 1731 Sesuvios]
333 1669 469 1721 Sescicos
494 1669 554 1719 edd.
576 1676 639 1719 ante
657 1668 728 1720 Veri.
745 1668 767 1720 i.
796 1666 934 1725 Setuaiot
951 1667 1010 1720 ret.
1028 1678 1087 1719 seo.
1104 1666 1176 1719 oud.

79 1787 82 1805 ,
123 1738 203 1795 Vrat.
220 1741 252 1793 G.
269 1741 349 1790 (lotii.
367 1740 397 1789 a.
414 1739 497 1789 Bonn.
526 1739 672 1789 Sasernas
688 1739 738 1788 Dr.
755 1736 786 1787 li.
802 1740 883 1791 Vrat.
900 1740 933 1789 li.
961 1739 1099 1790 Smomos
1120 1735 1178 1787 inc.

123 1814 153 1865 et
168 1824 225 1862 sec.
247 1823 290 1860 ex.
315 1806 399 1859 cond.
417 1808 476 1858 Pet.
492 1814 521 1856 et
537 1806 597 1859 Pal.
619 1807 772 1858 sesaoicoe
786 1807 864 1858 Leid.
884 1808 915 1859 c.
937 1807 1083 1859 Sesineios
1100 1806 1176 1856 linlr.

123 1881 259 1935 Sesioeos
275 1876 356 1929 vind.
375 1878 398 1926 l.
424 1874 569 1928 secrecius
587 1875 670 1926 Viud.
687 1876 718 1929 C·
747 1877 931 1929 sessionem
953 1877 1045 1944 „aliis
1053 1873 1073 1905 ‘⁶
1090 1872 1178 1926 scribi

122 1951 271 2003 ostendens
295 1947 363 1997 oud.
386 1945 506 1995 fortasse
523 1943 709 1997 Ruellicannm
726 1936 838 1999 s‘ecutns
853 1954 914 2013 est,
938 1936 1018 1996 cuius
1034 1944 1065 1997 in
1080 1946 1175 1996 adnot.

123 2021 161 2072 ad
182 2022 209 2069 li.
232 2019 253 2067 i.
279 2016 351 2077 apud
368 2012 592 2076 langermannnm
609 2014 769 2083 „Sesaoii,
790 2018 854 2081 aui,
880 2016 1062 2079 aequaeuam
1080 2025 1176 2065 exem-

122 2088 214 2153 plaria
229 2084 345 2147 habent,
368 2080 509 2133 Sestini“
525 2084 643 2147 legitur,
667 2086 717 2135 sed
733 2087 768 2135 ab
783 2084 844 2146 ipso
856 2079 1118 2150 Serdoi-scriptum
1129 2081 1178 2136 Vi?

123 2159 213 2210 delur.
245 2152 366 2215 Denique
383 2151 485 2202 Esbios
503 2153 531 2202 S·
548 2165 604 2202 seo.
614 2152 745 2204 vossium
763 2155 858 2219 babet,
879 2153 950 2217 quod
965 2167 1049 2205 unum
1064 2150 1177 2223 lougius

123 2224 275 2286 avulgata
289 2218 427 2283 scriptura
443 2221 514 2286 abit,
535 2220 571 2270 ad
587 2234 668 2284 quam
684 2223 806 2287 reliquas
822 2222 974 2274 vaticinios
990 2216 1086 2274 omn'es
1097 2222 1177 2272 nullo

121 2289 481 2415 itltt‘iliiilt‘·
494 2287 877 2412 ⁷¹ibiiwe⁸⁰⁸²⁴⁴²⁵ir¹i²¹
894 2286 994 2413 ”²⁶:¹2⁰
1008 2291 1176 2412 iibi¹¹¹¹¹¹³

223 2373 306 2413 asr
640 2375 655 2411 s
693 2373 735 2412 ec.
760 2375 796 2413 vn
856 2373 933 2412 ame
1090 2373 1176 2412 stane

120 2398 218 2484 ln’lum
235 2430 312 2492 parte
330 2427 438 2480 Galliae
456 2392 546 2490 ionii,
567 2441 638 2490 qnae
656 2431 763 2493 nomina
778 2375 936 2492 uniamus
954 2392 1020 2483 sli’bl
1036 2432 1176 2494 leguntur.

120 2503 230 2553 Etcum
243 2499 273 2550 in
285 2497 462 2550 llsotiorom
471 2496 578 2547 nomine
591 2498 715 2561 codices,
738 2507 770 2549 nt
781 2499 809 2551 in
823 2500 1028 2561 Semtviorum,
1051 2499 1177 2549 nonnihil

120 2569 293 2634 discrepent,
320 2567 349 2618 in
372 2566 477 2618 lissois
500 2575 568 2617 vero
584 2567 773 2633 consentiant,
798 2571 920 2619 Vlrertus
936 2582 963 2633 p.
977 2570 1031 2621 tao
1047 2569 1175 2620 omnibus

121 2640 210 2690 tribus
232 2636 303 2688 locis
324 2637 435 2689 Bassos
458 2647 477 2688 a
497 2633 618 2687 caesare
638 2638 728 2689 dictos
751 2638 914 2701 suspicatur.
954 2637 1069 2689 scillcet
1088 2650 1176 2690 unam

121 2709 231 2760 Galliae
247 2703 384 2757 nationem
400 2718 418 2757 a
435 2704 555 2757 Caesare
571 2717 625 2756 nuo
641 2707 727 2757 semel
743 2705 946 2758 commemorari
963 2707 1051 2771 magis
1067 2706 1175 2757 verisi-

118 2779 185 2831 mile
205 2783 265 2842 est,
293 2786 373 2839 qnam
395 2781 463 2825 tres.
503 2775 641 2828 Sesuoios
663 2782 754 2827 amen
770 2790 805 2828 ex
821 2777 925 2828 dissuis
942 2774 1049 2829 librarii
1066 2775 1174 2826 iecisse

119 2861 174 2899 non
191 2844 334 2910 videntur,
358 2845 387 2894 ei
402 2848 436 2909 ³,
453 2843 473 2895 7
492 2843 616 2895 codicum
633 2844 703 2895 ratio
719 2856 773 2896 non
789 2845 918 2912 impedit,
941 2843 1100 2908 quominus
1116 2847 1175 2897 Se·-

120 2915 219 2968 savios
240 2914 387 2965 Gaesarem
410 2912 558 2974 scripsisse
582 2916 743 2966 statuamus.
781 2915 839 2969 Alii
854 2915 998 2967 temnens
1012 2913 1055 2964 llo
1070 2913 1176 2979 legen·

121 2988 183 3037 dum
202 2984 330 3047 censent,
354 2980 399 3045 qui
417 2994 480 3032 cum
496 2981 565 3032 alibi
581 2981 611 3033 in
624 2983 666 3034 his
679 2996 791 3052 comm,
816 2992 872 3036 tum
887 2989 921 3050 ³,
940 2987 958 3034 9
976 2994 1036 3035 curn
1047 2982 1175 3035 Osismis

121 3051 258 3104 coniuncti
282 3051 464 3103 nominantur.
513 3053 556 3101 Ne
583 3051 613 3102 id
642 3054 747 3116 quidem
777 3066 892 3118 prorsus
915 3052 1092 3117 improbabile
1117 3061 1174 3104 est.

120 3124 267 3174 Praeterea
282 3127 344 3170 strat
360 3119 475 3183 Aiesoi,
499 3119 589 3172 Plinio
604 3122 624 3177 l,
640 3134 664 3171 o.
684 3122 840 3185 paenultlmi
853 3120 1045 3179 masselliae
1057 3122 1174 3186 Lugdu-

119 3191 214 3243 nensis
237 3191 368 3257 populos,
397 3188 511 3253 reliquis
534 3188 713 3251 scriptoribus
730 3190 864 3257 ignorati,
887 3204 956 3258 quos
973 3186 1027 3242 nno
1044 3194 1174 3244 alterove

119 3264 213 3311 borum
229 3258 359 3322 caesaris
374 3257 510 3310 nominum
528 3260 697 3324 significatos
712 3260 883 3325 suspiceris(
908 3261 1027 3314 uadens
1044 3260 1173 3314 Vkertus

118 3327 233 3380 interius
250 3327 389 3378 habitasse
404 3333 490 3388 putat.
999 3362 1002 3369 .

153 3398 292 3456 Redones]
316 3397 365 3445 Dr.
390 3394 446 3446 aa.
463 3394 543 3447 Vrat.
561 3394 592 3447 c.
614 3397 694 3448 door.
711 3399 746 3447 A.
762 3396 859 3449 llamb.
877 3395 960 3449 vind.
979 3399 1032 3467 4.,
1055 3410 1173 3463 qnorum

119 3466 281 3519 auctoritate
298 3466 440 3528 vulgatum
461 3462 614 3529 Riedones
635 3465 805 3525 (bistones
821 3467 884 3517 Ald.
900 3473 930 3517 et
946 3467 978 3518 P.
995 3469 1086 3528 blan.)
1108 3481 1172 3519 mn-

120 3544 180 3587 taro
202 3546 256 3584 non
278 3533 409 3585 dubitavi.
444 3531 489 3584 Gi.
508 3536 542 3585 ad
561 3538 594 3602 1,
608 3534 643 3587 51
661 3536 687 3596 s·
701 3538 718 3585 2
734 3537 768 3585 de
784 3536 865 3588 redis
886 3539 982 3601 notata
1003 3545 1032 3587 et
1053 3536 1172 3588 cellarii

119 3604 221 3668 Geogr.
238 3602 425 3669 ant.1,1oo,
446 3600 492 3665 qui
510 3612 538 3652 et
556 3603 615 3664 ipse
632 3605 766 3656 Redones
781 3608 808 3656 h.
822 3607 842 3656 l.
859 3605 952 3656 edidit,
976 3604 1045 3658 (ind.
1063 3614 1094 3655 et
1110 3607 1136 3655 lr.
1150 3606 1171 3658 l.

120 3681 149 3724 et
171 3675 207 3740 t,
230 3671 283 3735 75,
311 3671 340 3722 in
358 3682 414 3736 qno
439 3671 521 3721 etiarn
544 3673 628 3736 Bong.
645 3676 680 3723 a.
697 3687 754 3724 sec.
770 3675 813 3725 Pl.
842 3674 917 3725 Reti.
933 3675 1059 3742 exhibet,
1083 3674 1172 3725 tacite

120 3742 215 3793 liberi.
234 3740 363 3806 reliquit,
387 3739 491 3790 minore
508 3741 538 3790 in
554 3743 613 3809 his,
635 3756 715 3807 quarn
731 3744 761 3794 in
777 3744 877 3796 Remis
901 3748 957 3795 aa
974 3743 1002 3804 S.
1017 3746 1032 3794 1
1051 3743 1171 3809 diligen.

119 3810 161 3862 tia
182 3823 258 3860 usus.
298 3808 412 3861 Codices
429 3809 535 3872 quidem
553 3810 613 3861 eius
628 3812 736 3862 minime
752 3824 845 3864 omncs
861 3813 940 3865 nobis
957 3815 1105 3865 adversari
1120 3815 1171 3864 vel

119 3892 156 3929 ex
170 3878 207 3928 iis
223 3886 353 3948 apparet,
375 3887 449 3942 quae·
461 3879 569 3930 Davisii
585 3881 750 3933 adnotationi
767 3885 802 3934 ad
817 3896 842 3932 c.
855 3880 875 3934 4
890 3881 917 3942 S.
930 3882 950 3935 4
965 3883 1000 3933 de
1010 3884 1106 3933 Remis
1118 3882 1171 3934 ad·

119 3948 197 3998 didit.
231 3949 349 4007 Quorum
363 3948 463 3998 nomini
480 3961 541 3999 oum
557 3950 689 4005 Davisius
701 3950 894 4014 aspirationem
909 3954 1003 4006 eodem
1015 3951 1093 4020 iure,
1116 3963 1171 4017 quo

120 4015 304 4070 auctoritaie
327 4024 355 4066 et
378 4016 502 4082 rbedue,
537 4019 620 4071 tribui
639 4032 726 4082 posse
748 4022 930 4090 ostendisset,
949 4021 1034 4073 nond.
1060 4028 1118 4088 „at
1139 4022 1170 4072 in

75 4108 80 4114 ·
120 4086 269 4152 exe-plis,
293 4083 396 4152 inquii,
425 4099 496 4150 qnae
519 4090 612 4140 adieri
628 4089 786 4191 Davisius&
808 4094 904 4146 eadem
929 4093 973 4146 osi
994 4090 1168 4156 incertitudo,

114 4157 238 4211 111188.
255 4165 340 4221 saepo
355 4155 472 4209 etlenmt
488 4153 549 4209 sino
565 4159 757 4226 adspiratione.

1103 4409 1114 4440 Ι

385 4472 392 4501 l
