2572 4688
394 308 399 319 »
430 214 777 338 encomio.
1077 286 1144 336 xcv
1266 213 1272 221 -

53 449 162 524 Febr.
174 447 411 524 nbcxcm
424 448 626 526 donatumt‘*
657 451 749 524 Oua.
763 454 798 522 in
812 453 919 546 praet.
940 451 1016 521 Hae
1027 454 1146 522 lectio·

54 576 138 637 aas,
165 557 233 623 etsi
253 554 346 628 oea.
367 555 562 638 dubitabat,
582 564 697 623 atrum
712 578 752 625 ex
766 559 855 626 libro
871 560 983 646 aliquo
1000 560 1055 625 vel
1069 560 1147 648 pln-

56 659 158 725 ribns
172 657 271 740 MS„
292 681 335 726 aa
351 682 397 728 ex
408 659 553 728 Aieardi
565 662 620 728 vel
633 660 721 727 alins
737 663 804 731 viri
817 661 907 730 docti
920 662 1051 746 ingenio
1066 683 1147 750 pro·
1249 653 1255 661 ⁴

56 762 169 829 foetas
193 768 383 846 statueret,
410 771 542 847 tamem
570 765 728 852 qnoniam
750 766 899 832 Aiearda’
917 786 1036 831 nomen
1056 765 1215 833 interme.

57 865 214 933 codicum
232 887 450 955 possessores
471 869 610 949 retulit,
636 869 733 934 nobis
748 892 882 958 quoqne
900 868 1015 935 eodem
1032 890 1148 934 nnme-

57 992 100 1038 ro
120 971 265 1058 locoque
284 961 456 1038 habendae
470 981 550 1039 sunt
562 975 665 1043 visae.
709 975 819 1062 Magis
833 976 933 1040 etiam
949 974 1078 1039 ineerta
1090 991 1148 1038 res

58 1080 116 1141 est
130 1072 172 1140 de
193 1074 397 1156 „anecdotis
410 1078 573 1144 Theodori
586 1076 766 1144 Pulmonai
778 1077 940 1159 Schedis,
965 1099 985 1142 a
1002 1074 1241 1161 clericerum.

58 1177 204 1245 anero
227 1181 481 1247 communicatis
489 1186 512 1220 “
533 1201 576 1244 ex
598 1178 721 1271 quibus
740 1183 900 1249 nonnulla
919 1202 1000 1250 snos
1014 1181 1049 1247 in
1063 1200 1148 1247 anns

59 1281 271 1351 convertisse
288 1282 380 1352 Ond'.
393 1285 428 1350 in
441 1283 547 1372 praef.
564 1283 727 1352 ostendit.

166 1384 347 1454 Accedunt
359 1382 448 1454 bis'a
462 1386 613 1468 Clarkio,
633 1386 776 1456 Davisio
790 1393 825 1453 et
838 1387 940 1455 Mieb.
956 1380 1065 1472 Bruto
1078 1388 1150 1455 eol-

61 1488 128 1556 iati
142 1487 275 1557 cedices
290 1490 430 1577 Regius,
451 1489 671 1559 Nervieensis
685 1499 720 1557 et
732 1491 977 1562 Carrariensis.
1016 1491 1225 1574 Regiasnsg.

60 1588 307 1675 Londinensis,
341 1616 439 1681 wem
461 1592 623 1662 Glarkius
645 1617 664 1661 a
688 1618 764 1661 sese
783 1596 943 1660 collatum
966 1593 1055 1660 haud
1073 1592 1150 1681 qni-

62 1696 141 1764 dem
174 1697 461 1786 antiquissimum,
495 1697 556 1764 sed
585 1720 626 1764 ex
653 1698 751 1765 valde
773 1699 921 1787 antiquis
940 1696 1149 1786 descriptum

61 1803 314 1883 arbitrabatur,
349 1820 465 1868 omnes
497 1823 615 1870 comm.
644 1805 804 1871 continet.
857 1804 1066 1868 Noraiceneis
1088 1819 1192 1872 seule.

60 1907 232 1987 Eliensis,
253 1906 295 1971 ab
316 1906 389 1970 eins
409 1925 606 1993 possessore
621 1902 843 1987 Ioh.Moore,
861 1903 1064 1972 Nervicensi
1078 1904 1152 1994 pri-

62 2034 175 2090 mum,
198 2008 318 2075 deindo
329 2009 458 2076 Eliensi
476 2011 633 2098 episeopo
648 2011 839 2077 nominatus
846 2052 860 2088 ,
882 2016 1001 2098 postea
1014 2009 1050 2075 in
1064 2006 1152 2078 nihl.

62 2113 376 2200 Gantabrigiensem
405 2115 542 2194 illatus,
571 2134 685 2180 omnes
708 2134 827 2181 comm.
849 2113 1010 2182 eontinet.
1061 2112 1150 2178 Eum

49 2219 231 2288 Davisius
255 2224 292 2284 et
314 2216 475 2290 Clarkius
504 2218 729 2286 contulerunt.
783 2216 1024 2309 δαννιινὶοηεὶε,Ι
1053 2217 1236 2283 cuinscacr.

62 2323 228 2390 lectiones
248 2345 268 2387 a
287 2320 390 2392 Mieb.
409 2320 519 2392 Bruto
538 2327 713 2409 excerptas
733 2325 769 2384 et
788 2341 865 2385 cum
886 2320 1051 2408 excerptis
1067 2328 1159 2407 qna-⁶
1220 2399 1224 2409 Ι

64 2426 209 2494 rendam
222 2423 407 2492 editionum
419 2425 614 2491 coniunctas
629 2424 751 2510 prima,
773 2422 863 2512 quod
878 2424 995 2504 sciam,
1016 2423 1152 2492 exhibet
1217 2414 1220 2421 ’

63 2530 120 2600 od.
142 2528 229 2598 Ala!
250 2528 397 2596 Manutii
415 2522 547 2618 nepotis
563 2526 650 2594 Van.
670 2531 777 2609 1566,
803 2549 901 2616 quem
918 2526 1048 2593 Brutus
1063 2528 1152 2595 anti-

64 2633 267 2722 quissimum
291 2652 367 2699 esse
384 2631 577 2719 praedicat,
605 2628 696 2699 Oua.
712 2632 840 2698 nonita
853 2637 1022 2698 vetustum
1036 2631 1151 2715 babet,

63 2757 183 2804 omnes
204 2757 323 2806 comm.
346 2735 517 2802 continere
534 2733 686 2814 videtur,
721 2756 921 2823 quamquam
945 2733 1151 2804 lectionesa

64 2840 178 2909 Bruto
191 2841 324 2913 relatae
333 2862 398 2907 non
411 2842 503 2907 ultra
518 2838 649 2905 initium
663 2838 746 2904 belli
763 2837 863 2905 Alex.
878 2837 1060 2924 pertinent

167 2943 325 3031 Doniqam
355 2946 578 3034 interpretum
605 2947 705 3029 atque
732 2941 899 3008 editorum
921 2940 1150 3031 antiquiorum

66 3073 173 3142 opera
188 3051 342 3140 prolatae
362 3045 616 3132 sunt‘lectiones
632 3067 651 3112 e
667 3043 838 3112 codicibus
857 3044 995 3114 incertis
1014 3055 1075 3114 ant
1089 3069 1151 3137 pa·
1276 3077 1278 3081 ·

66 3179 142 3223 ram
165 3153 310 3240 cognitis
329 3160 367 3219 et
383 3152 510 3242 passim
528 3149 710 3231 adhibitis,
731 3149 772 3215 de
788 3171 931 3239 quornm
946 3151 1151 3221 anctoritate
1226 3194 1233 3209 κ

67 3260 111 3327 ob
128 3257 169 3327 ia
189 3259 300 3346 ipsam
320 3278 386 3324 non
406 3256 493 3323 satis
507 3260 650 3323 constat.
694 3253 794 3321 Talis
807 3259 862 3320 est
875 3255 924 3335 is,
945 3276 1044 3344 quem
1057 3256 1151 3324 Tur-

68 3359 178 3431 risani
196 3359 344 3428 codicem
365 3361 593 3450 appellamus,
623 3356 666 3425 do
688 3379 754 3446 quo
777 3357 812 3424 in
830 3357 940 3425 indice
965 3359 1151 3429 editionum
1254 3348 1256 3353 ⁵

68 3465 222 3546 dicetur,
255 3465 336 3532 talis
363 3463 516 3546 Brantii,
545 3461 735 3543 ciacconii,
768 3460 991 3546 Hotomanni,
1026 3464 1152 3532 Faerni

66 3571 177 3653 liber,
209 3568 296 3635 tales
318 3567 496 3649 Sambnei,
530 3565 643 3633 Farlvii
663 3562 803 3646 Vrsini,
832 3564 979 3634 Goduini
1001 3569 1152 3668 codicesc

67 3697 154 3766 qnos
176 3674 268 3742 inter
289 3665 465 3739 Vrsiniani
487 3671 588 3759 paulo
606 3671 728 3738 ceteris
746 3667 896 3737 notiores
916 3679 951 3738 et
967 3671 1150 3740 lectionum

67 3800 209 3849 numero
223 3775 510 3846 memorabiliores
524 3779 616 3843 snnt.
658 3771 789 3839 Horum
804 3794 910 3855 nnus,
934 3795 1034 3862 quem
1049 3773 1151 3844 Vrsi-

67 3907 134 3954 nus
155 3880 322 3951 sexcentis
342 3885 420 3946 ante
443 3899 481 3947 sa
504 3877 601 3946 annia
615 3878 779 3964 scriptum
793 3881 829 3941 at
842 3876 989 3944 omnium
1004 3878 1151 3963 integer·
1273 3958 1277 3965 1

22 4055 25 4059 .
66 3991 192 4058 simum
214 3983 375 4077 putabat,
401 3977 1035 4062 membranaoonsf·nunobibliothocaa
1050 3981 1152 4050 Vati·

67 4113 175 4162 eanaa
191 4109 283 4164 nom.
298 4091 404 4174 ³32⁴,
424 4102 538 4158 omnes
552 4077 671 4157 comm.
685 4085 853 4171 mutnet,
879 4084 960 4155 item
975 4087 1063 4153 alter
1080 4107 1149 4157 seo.
1213 4169 1216 4173 ¹
