2572 4688
93 316 96 323 ¹
136 285 204 358 itt
383 278 478 352 'DE
503 278 686 352 BELLO
710 272 964 354 ualbico
1075 216 1078 221 >

136 470 229 563 quod
242 471 287 540 iis
300 470 403 538 rebus
416 471 672 560 relanguescere
686 471 815 540 animes
826 468 942 539 aarum
957 479 993 539 et
1007 470 1140 539 remitti
1153 473 1225 543 sir·

93 564 117 630 6
137 570 245 631 tutam
259 560 504 629 existimarent.
569 581 646 626 essa
659 559 809 627 homines
823 561 915 627 feros
930 580 1141 649 magnaeque
1154 562 1225 628 vir-

136 651 242 720 tutis:
268 648 473 737 increpitare
488 652 591 735 utque
602 648 759 715 incusare
771 649 920 737 reliques
932 646 1077 734 Belgas,
1107 650 1169 738 qui
1185 670 1225 716 sc

165 907 232 949 num
253 889 351 945 interi
372 892 504 960 possent,'
522 889 628 945 animos
648 892 859 956 relanguescere
875 890 972 945 Nervii
988 888 1150 945 existlwe
1165 904 1225 946 non

164 964 301 1029 poteraut.
335 961 430 1026 Neque
445 973 481 1012 ex
496 973 547 1027 eo,
568 962 638 1027 qam
655 962 852 1014 mercatoribus
869 960 959 1013 stitus
972 963 1008 1013 ai
1021 974 1071 1014 eus
1083 973 1139 1014 uon
1150 971 1223 1030 erat,

165 1031 234 1086 nibli
255 1029 361 1082 omuino
383 1029 480 1081 inierrl
502 1042 550 1080 aee
572 1041 671 1092 passm
692 1042 756 1081 esse
780 1030 916 1099 eflicitur,
938 1037 970 1081 ut
986 1038 1133 1094 propterea
1146 1031 1224 1083 ccli-

165 1112 292 1170 quaram
315 1111 417 1151 raram
439 1098 664 1162 significationem
680 1098 816 1163 propriam
833 1099 1052 1150 teuemuecesse
1067 1099 1116 1150 eit.
1149 1100 1223 1153 nan

168 1184 207 1225 ex
222 1168 287 1234 ipsa
307 1170 422 1221 civitate
440 1168 547 1230 publice
564 1168 642 1219 missi
657 1181 750 1220 eruere
764 1169 901 1235 quaelibet
916 1175 945 1219 et
960 1169 1066 1220 luterre
1081 1171 1222 1233 poteraut.

167 1241 228 1295 lam
243 1252 312 1293 vero
327 1238 450 1290 brevitas
469 1237 520 1289 illa
534 1239 696 1301 praesertim
712 1239 830 1290 obscura
846 1239 992 1291 abbomere
1008 1236 1073 1305 mibi
1084 1250 1105 1289 a
1114 1235 1223 1291 cm·

168 1308 290 1362 ris·stilc
307 1307 430 1370 videtur,
455 1308 484 1358 ct
501 1317 643 1370 perperam
659 1306 763 1360 omissa
780 1308 849 1359 baec
866 1306 896 1359 iu
909 1310 989 1371 parte
1004 1306 1128 1358 conicum
1144 1305 1223 1359 arbi·

168 1386 235 1430 truc.
268 1379 387 1428 llxstare
402 1388 437 1428 ea
450 1375 478 1428 lu
491 1375 691 1428 Pariaieuaibus
704 1376 783 1428 libris
794 1376 915 1428 affirmat
925 1374 1134 1442 debriamur,
1151 1388 1222 1440 ‹puc-

166 1458 229 1503 rutil
244 1445 448 1499 vetustissimus
464 1443 541 1507 (Par.
554 1446 604 1506 A.)
619 1445 739 1498 eiusdem
754 1445 864 1509 generis
877 1453 906 1496 et
917 1443 1089 1497 aucmntatis
1099 1447 1146 1496 est
1157 1457 1222 1497 cum

167 1517 251 1580 brug.
263 1519 297 1568 Α.
330 1517 447 1567 Exstant
462 1512 492 1565 in
508 1512 668 1567 editionibus
684 1516 874 1582 enceniatum,
892 1526 962 1579 quae
973 1524 1028 1566 rou
1039 1514 1132 1564 soleat
1142 1515 1220 1579 glos-

53 1615 62 1627 ·
155 1593 275 1639 ‘seruata
289 1597 351 1636 cum
367 1584 432 1636 l’ar.
450 1584 480 1632 lt.
500 1583 583 1634 vind.
600 1584 634 1632 ll.
653 1591 680 1633 et
696 1584 724 1634 la
741 1596 828 1649 genua
842 1583 981 1635 codicibus
998 1580 1153 1635 eommunia
1168 1586 1220 1634 ba·

164 1654 241 1707 bere.
274 1653 396 1717 Denique
413 1651 459 1716 qui
470 1664 511 1705 ea
527 1651 747 1720 exhibentium,
770 1652 830 1704 siue
848 1650 921 1706 omni
936 1650 1071 1705 varietata
1083 1650 1220 1707 exhibem.

139 1738 145 1746 ·
200 1723 250 1785 ils]
279 1721 479 1791 „vetustiores
496 1717 608 1772 multi“
627 1722 711 1786 Bong.
735 1724 769 1772 Α.
794 1720 854 1774 l’et.
878 1721 948 1772 Lov.
972 1720 1033 1772 Pal
1054 1720 1108 1773 bb.
1133 1722 1220 1775 calex

164 1790 284 1854 {tractim
305 1790 404 1856 quibua
419 1793 565 1841 obsecutus
581 1788 610 1841 iu
628 1791 671 1839 etl.
688 1793 703 1842 1
728 1790 795 1841 oua.
818 1791 848 1842 tu
864 1792 882 1841 2
897 1789 944 1841 bie
959 1790 1079 1854 priorum
1093 1789 1155 1839 eta.
1171 1803 1219 1840 re-

164 1861 294 1925 vocavit,
317 1861 388 1925 quod
400 1860 428 1908 in
446 1860 494 1910 Dr.
511 1859 567 1910 AB.
585 1857 665 1910 tietb.
683 1860 717 1908 Δ.
733 1859 816 1910 vind.
833 1857 912 1910 nuc.
929 1860 1002 1909 llav.
1014 1859 1072 1910 AB.
1085 1864 1178 1909 exstat
1191 1866 1219 1908 et

139 1948 142 1953 ·
164 1928 335 1992 iliberuuglo
352 1940 455 1992 quoque
471 1926 582 1990 placuit
618 1925 651 1977 lu
667 1927 751 1994 liung.
768 1929 799 1979 Β.
815 1929 901 1979 voss.
918 1929 955 1980 A.
970 1928 1050 1980 Vrat·
1066 1926 1218 1978 llcdicnu.

113 2048 117 2056 ,
162 1998 222 2053 atta
241 1998 351 2062 legitur.
390 1996 458 2046 illibi
473 1996 511 2047 iis
530 2008 566 2045 ex
580 1993 638 2045 illis
656 1997 733 2048 codd.
749 2008 783 2051 co
798 1994 887 2064 magis
902 1995 1087 2063 recipientem
1101 1995 1219 2050 rideba-

136 2072 140 2078 '
163 2060 226 2132 tiit,
252 2067 323 2131 quud
337 2065 426 2116 rarius
444 2064 472 2115 ia
489 2062 624 2114 exhibent.

199 2148 293 2189 aarum
314 2141 343 2185 ct
365 2133 467 2184 remitti
489 2132 633 2191 virtutem]
658 2131 704 2183 lta
718 2132 765 2183 vel
780 2145 883 2187 eoram
898 2133 929 2185 ct
943 2133 1089 2186 etrtatem
1102 2130 1217 2186 ranan

162 2204 242 2259 MSS.
264 2215 331 2254 suos
353 2203 434 2266 longe
455 2201 587 2264 plurimos
610 2200 793 2265 optimosque,
816 2210 846 2254 ut
862 2204 947 2267 uoug.
963 2204 1033 2255 Lon.
1049 2202 1215 2270 Vossianus,

162 2274 242 2339 Egra.
267 2280 296 2324 et
318 2270 388 2324 altos
412 2283 510 2336 magua
532 2283 659 2335 numero,
685 2271 749 2333 item
772 2272 842 2336 ueg.
862 2280 890 2322 ct
909 2271 943 2321 Ν.
960 2272 1030 2323 laec
1045 2270 1152 2335 scripta
1166 2273 1215 2323 lra-

161 2344 230 2395 bere
271 2340 301 2393 iu
318 2340 383 2393 allis
400 2338 491 2392 autem
507 2341 584 2390 blss.
600 2339 798 2406 uirtutemque
815 2338 928 2394 remitti
944 2352 1047 2392 aarum
1057 2338 1115 2404 legi
1128 2346 1215 2392 testa-

53 2438 57 2445 ·
162 2420 211 2464 tur
251 2412 312 2478 um,
334 2409 380 2472 qul
394 2406 422 2460 lu
435 2411 507 2461 ed.1
526 2411 654 2476 eandem,
671 2423 751 2472 quana
761 2423 828 2479 nos,
846 2410 1011 2473 scripturam
1022 2411 1129 2476 posuit,
1145 2422 1214 2476 quse

162 2482 260 2537 eadem
275 2480 305 2531 iu
321 2480 382 2530 etltl.
406 2485 470 2530 aute
492 2478 591 2528 Alium
607 2477 636 2528 in
653 2479 746 2530 codice
765 2480 870 2531 Brautil
886 2486 914 2529 et
932 2479 1080 2529 secuudum
1096 2491 1140 2529 ex.
1158 2479 1215 2531 lta·

161 2549 233 2603 bric.
250 2549 280 2600 iu
296 2548 346 2600 bb.
364 2549 439 2599 tlott.
457 2542 540 2599 Voss.
557 2549 593 2599 A·
609 2549 685 2612 ligm-
702 2548 771 2599 ιον.
789 2549 834 2610 [in
846 2559 899 2612 quo
911 2555 1002 2600 tamen
1013 2549 1044 2600 et
1056 2548 1155 2598 tecam
1169 2547 1216 2597 vi-

163 2620 269 2679 oecurp
283 2625 311 2668 et
334 2616 363 2667 in
382 2618 469 2681 llong.
486 2619 521 2667 A.
538 2616 659 2681 meisque
676 2618 798 2668 omuibus
815 2631 868 2668 uuo
884 2615 967 2668 vind.
982 2617 1018 2669 Δ.
1035 2625 1150 2681 excepto
1164 2630 1215 2667 ex-

164 2691 230 2741 stat.
247 2686 330 2738 vtae.
344 2689 379 2736 A.
395 2698 456 2738 cum
471 2686 545 2738 llav.
561 2688 596 2736 ll.
615 2689 643 2736 et
660 2685 798 2739 ciacconii
814 2687 884 2738 libro
900 2687 1214 2752 communitatemque

162 2756 279 2812 cambas
294 2755 391 2826 babet,
416 2759 486 2820 quod
503 2755 573 2806 luem
586 2756 655 2806 illud
666 2756 788 2820 videtur,
803 2757 874 2819 quoti
886 2755 954 2808 oud.
973 2755 1028 2823 „iu
1041 2755 1106 2808 allis
1117 2752 1215 2807 MSS.“

145 2827 220 2893 'legi
236 2826 368 2890 perbibet.
404 2824 438 2874 lu
455 2826 519 2877 Alal.
537 2832 589 2874 etc.
606 2837 691 2887 usque
708 2827 744 2876 ad
759 2825 828 2876 Oui.
845 2836 1001 2890 sermoque
1017 2823 1132 2878 rammi
1147 2824 1215 2877 uir-

162 2900 274 2963 turem,
296 2894 325 2946 iu
338 2893 406 2946 oud.
421 2897 438 2943 2
455 2897 603 2946 eteorum
620 2906 647 2945 r.
665 2908 694 2946 v.
713 2894 841 2957 scriptum
859 2896 918 2960 est,
940 2897 1089 2947 uteorum
1106 2906 1161 2947 uon
1179 2895 1215 2946 ab

162 2966 300 3029 Nervios,
328 2964 379 3013 seu
402 2964 439 3014 aa
461 2962 565 3015 animos
587 2963 734 3016 referatur.
774 2963 895 3027 Denique
912 2970 976 3013 sunt
991 2965 1090 3028 quibus
1111 2975 1216 3016 eorum

162 3034 307 3087 riclentlum
322 3031 465 3100 rideatur,
487 3043 540 3096 quo
554 3032 628 3082 iacto
646 3030 782 3083 sententia
799 3032 948 3084 communis
966 3039 994 3082 et
1010 3034 1046 3085 ab
1058 3044 1152 3084 omues
1165 3034 1215 3083 bo-

161 3105 251 3155 miues
267 3100 405 3165 pertinens
421 3100 518 3163 prodit.
553 3101 701 3167 Equitem,
723 3115 785 3152 cum
801 3102 1038 3171 carlomanum,
1061 3103 1145 3154 etiam
1158 3102 1215 3154 Pa-

161 3172 312 3234 rleicuees,
336 3181 439 3221 eorum
452 3170 597 3239 tueantur,
618 3183 706 3235 neque
723 3170 772 3224 alii
788 3171 844 3222 alio
860 3169 889 3222 ti
905 3171 967 3224 loco
984 3171 1145 3240 exhibeant,
1162 3183 1215 3221 ve-

163 3248 250 3293 terem
268 3236 433 3301 scripturam
446 3240 588 3290 tenendam
605 3240 718 3308 putavi,
741 3240 770 3292 iu
787 3253 840 3304 qua
857 3241 883 3292 si
899 3238 994 3291 verbis
1009 3243 1215 3307 relaapueace-

161 3322 200 3364 re
216 3318 246 3361 et
263 3307 378 3360 remitti
394 3319 448 3359 uon
464 3307 506 3358 rei
521 3308 582 3359 tisri
598 3310 761 3361 solitae-aut
777 3316 891 3373 coeptae
907 3308 1053 3377 indicium,
1079 3312 1129 3360 secl
1152 3323 1215 3361 cum

162 3379 317 3432 conditione
338 3377 449 3443 tutatae
472 3377 683 3429 declarationem
705 3378 837 3430 conticeri
861 3379 1020 3446 statuimus,
1042 3378 1110 3429 nibil
1126 3377 1215 3442 iupe-

162 3449 221 3501 dlre
234 3449 357 3511 videtur,
380 3457 432 3507 quo
447 3445 536 3495 miuus
552 3455 617 3510 apte
632 3448 690 3498 suis
707 3449 804 3499 auimls
821 3459 940 3511 suaeque
953 3447 1049 3498 virtuti
1061 3449 1214 3498 metuentes

161 3520 198 3570 eb
211 3517 268 3569 illis
280 3517 363 3566 rebus
377 3514 548 3583 Neminem,
566 3516 611 3580 qui
624 3518 784 3583 loquuntur,
803 3517 895 3567 iacere
909 3516 1113 3584 existimentur,
1132 3529 1214 3580 prae·

161 3587 259 3638 sertim
276 3598 337 3635 cum
354 3583 496 3646 sequeutia
511 3596 572 3638 esse
585 3584 711 3639 bominac
723 3588 805 3654 seros
818 3598 993 3652 ntapmuequa
1005 3586 1129 3638 uirtutis
1141 3587 1214 3636 Ner-

160 3657 270 3708 viorum
291 3655 333 3703 ets
357 3652 489 3704 ferociam
511 3662 539 3705 et
560 3655 745 3709 fortitudinem
768 3657 911 3707 obversari
927 3657 1007 3707 fidem
1023 3656 1138 3707 iaciant.
1170 3656 1215 3707 Aa

160 3738 243 3777 usum
259 3722 424 3789 pronominis
441 3724 478 3771 ct.
497 3725 530 3788 1,
547 3727 580 3775 11
600 3723 628 3786 S.
643 3729 661 3775 3
677 3731 705 3775 et
720 3723 765 3789 qui
782 3722 819 3775 ibi
835 3726 864 3774 iu
880 3727 972 3777 adnot.
990 3725 1137 3789 significati
1150 3732 1215 3774 suut

161 3794 228 3848 loci.
260 3791 429 3844 luinitivum
444 3798 535 3842 autem
552 3795 706 3856 praesentis
724 3794 818 3845 eadem
833 3793 883 3861 vi,
907 3794 1038 3860 quallis,
1061 3793 1215 3858 praeditum

162 3864 289 3915 videmus
306 3863 341 3928 7,
361 3856 412 3912 si:
437 3860 493 3912 ctat
504 3886 540 3898 -
551 3863 656 3915 borum
677 3864 804 3916 discamus
820 3863 1007 3916 admaturari
1022 3862 1215 3927 defectionem

162 3932 295 3986 ciuitatis
312 3928 513 3999 existimabat,
536 3929 633 3986 tamen
653 3946 700 3984 eas
716 3933 884 3984 retinendos
901 3942 962 3985 mom
977 3933 1100 3985 censuit.
1134 3939 1164 3981 et
1175 3930 1214 3983 ib.

162 4006 214 4056 ²1:
237 4001 312 4070 quod
326 4013 414 4065 penes
430 4013 497 4067 eas,
512 4000 540 4050 si
553 4003 584 4054 td
598 4004 732 4070 oppidum
745 4001 952 4071 retinuissent,
967 4013 1107 4055 summam
1119 3999 1214 4052 uiato-

162 4073 228 4127 t'tae
241 4072 377 4123 constare
389 4070 599 4136 intemperant.
635 4080 662 4123 et
678 4073 706 4139 8,
723 4072 773 4124 52:
789 4071 933 4126 micabat
946 4073 1022 4124 aarum
1034 4069 1133 4123 libaria
1144 4083 1213 4126 sen·

163 4144 264 4198 tentiis
279 4143 400 4207 patrum
415 4141 648 4211 conscriptorum
662 4153 781 4196 cautam
796 4154 879 4197 suom
898 4143 985 4214 [mile
1000 4140 1133 4198 metari.
