<?xml version="1.0" encoding="UTF-8"?>
<!DOCTYPE html PUBLIC "-//W3C//DTD XHTML 1.0 Transitional//EN"
    "http://www.w3.org/TR/xhtml1/DTD/xhtml1-transitional.dtd">
<html xmlns="http://www.w3.org/1999/xhtml" xml:lang="en" lang="en">
 <head>
  <title>
</title>
<meta http-equiv="Content-Type" content="text/html;charset=utf-8" />
  <meta name='ocr-system' content='tesseract 3.04.00' />
  <meta name='ocr-capabilities' content='ocr_page ocr_carea ocr_par ocr_line ocrx_word'/>
</head>
<body>
  <div class='ocr_page' id='page_1' title='image "./commentariidebe01schngoog_0122.png"; bbox 0 0 2572 4688; ppageno 0'>
   <div class='ocr_carea' id='block_1_1' title="bbox 438 214 1208 381">
    <p class='ocr_par' dir='ltr' id='par_1_1' title="bbox 438 214 1208 381">
     <span class='ocr_line' id='line_1_1' title="bbox 438 214 1208 381; baseline 0 -44"><span class='ocrx_word' id='word_1_1' title='bbox 438 262 545 344; x_wconf 81' lang='lat' dir='ltr'><strong>oin</strong></span> <span class='ocrx_word' id='word_1_2' title='bbox 569 264 600 339; x_wconf 89' lang='lat'><strong>1.</strong></span> <span class='ocrx_word' id='word_1_3' title='bbox 641 214 830 381; x_wconf 32' lang='lat' dir='ltr'><strong>casnm</strong></span> <span class='ocrx_word' id='word_1_4' title='bbox 1131 268 1178 337; x_wconf 84' lang='lat' dir='ltr'><strong>oo</strong></span> <span class='ocrx_word' id='word_1_5' title='bbox 1205 362 1208 367; x_wconf 14' lang='grc' dir='ltr'>ι</span> 
     </span>
    </p>
   </div>
   <div class='ocr_carea' id='block_1_2' title="bbox 85 452 1220 810">
    <p class='ocr_par' dir='ltr' id='par_1_2' title="bbox 85 452 1220 810">
     <span class='ocr_line' id='line_1_2' title="bbox 87 452 1179 544; baseline 0 -21"><span class='ocrx_word' id='word_1_6' title='bbox 87 456 185 524; x_wconf 87' lang='lat' dir='ltr'><strong>milia</strong></span> <span class='ocrx_word' id='word_1_7' title='bbox 206 453 613 544; x_wconf 49' lang='lat' dir='ltr'><strong>ccoxnnf&#39;l&#39;ulingorum</strong></span> <span class='ocrx_word' id='word_1_8' title='bbox 632 455 727 526; x_wconf 87' lang='lat' dir='ltr'><strong>milia</strong></span> <span class='ocrx_word' id='word_1_9' title='bbox 748 477 887 538; x_wconf 70' lang='lat' dir='ltr'><strong>xxxva,</strong></span> <span class='ocrx_word' id='word_1_10' title='bbox 914 452 1179 542; x_wconf 73' lang='lat' dir='ltr'><strong>Latobrigorum</strong></span> 
     </span>
     <span class='ocr_line' id='line_1_3' title="bbox 88 543 1178 632; baseline -0.002 -21"><span class='ocrx_word' id='word_1_11' title='bbox 88 550 203 628; x_wconf 61' lang='lat' dir='ltr'><strong>urrini,</strong></span> <span class='ocrx_word' id='word_1_12' title='bbox 229 545 463 612; x_wconf 84' lang='lat' dir='ltr'><strong>Rauracorum</strong></span> <span class='ocrx_word' id='word_1_13' title='bbox 486 567 609 626; x_wconf 76' lang='lat' dir='ltr'><strong>nomin,</strong></span> <span class='ocrx_word' id='word_1_14' title='bbox 629 545 792 613; x_wconf 87' lang='lat' dir='ltr'><strong>Boiorum</strong></span> <span class='ocrx_word' id='word_1_15' title='bbox 805 564 940 612; x_wconf 78' lang='lat' dir='ltr'><strong>xxxin:</strong></span> <span class='ocrx_word' id='word_1_16' title='bbox 969 543 1095 624; x_wconf 81' lang='lat' dir='ltr'><strong>exhis,</strong></span> <span class='ocrx_word' id='word_1_17' title='bbox 1116 544 1178 632; x_wconf 80' lang='lat' dir='ltr'><strong>qui</strong></span> 
     </span>
     <span class='ocr_line' id='line_1_4' title="bbox 86 631 1220 722; baseline -0.003 -22"><span class='ocrx_word' id='word_1_18' title='bbox 86 655 185 700; x_wconf 87' lang='lat' dir='ltr'><strong>arma</strong></span> <span class='ocrx_word' id='word_1_19' title='bbox 200 632 462 722; x_wconf 74' lang='lat' dir='ltr'><strong>ramponem,</strong></span> <span class='ocrx_word' id='word_1_20' title='bbox 485 633 528 699; x_wconf 86' lang='lat' dir='ltr'><strong>ed</strong></span> <span class='ocrx_word' id='word_1_21' title='bbox 542 634 637 704; x_wconf 83' lang='lat' dir='ltr'><strong>milia</strong></span> <span class='ocrx_word' id='word_1_22' title='bbox 651 652 809 704; x_wconf 76' lang='lat' dir='ltr'><strong>cxxxxii.</strong></span> <span class='ocrx_word' id='word_1_23' title='bbox 875 633 1014 699; x_wconf 87' lang='lat' dir='ltr'><strong>Summa</strong></span> <span class='ocrx_word' id='word_1_24' title='bbox 1029 631 1176 719; x_wconf 86' lang='lat' dir='ltr'><strong>omnium</strong></span> <span class='ocrx_word' id='word_1_25' title='bbox 1198 643 1220 706; x_wconf 79' lang='grc'>3</span> 
     </span>
     <span class='ocr_line' id='line_1_5' title="bbox 85 717 1178 810; baseline -0.001 -22"><span class='ocrx_word' id='word_1_26' title='bbox 85 723 230 789; x_wconf 80' lang='lat' dir='ltr'><strong>tuemnt</strong></span> <span class='ocrx_word' id='word_1_27' title='bbox 250 719 294 788; x_wconf 87' lang='lat' dir='ltr'><strong>ad</strong></span> <span class='ocrx_word' id='word_1_28' title='bbox 316 720 412 788; x_wconf 86' lang='lat' dir='ltr'><strong>milia</strong></span> <span class='ocrx_word' id='word_1_29' title='bbox 431 740 614 792; x_wconf 79' lang='lat' dir='ltr'><strong>occurrunt.</strong></span> <span class='ocrx_word' id='word_1_30' title='bbox 660 720 808 805; x_wconf 85' lang='lat' dir='ltr'><strong>Eorum,</strong></span> <span class='ocrx_word' id='word_1_31' title='bbox 835 722 895 810; x_wconf 84' lang='lat' dir='ltr'><strong>qui</strong></span> <span class='ocrx_word' id='word_1_32' title='bbox 911 720 1046 788; x_wconf 88' lang='lat' dir='ltr'><strong>domum</strong></span> <span class='ocrx_word' id='word_1_33' title='bbox 1064 717 1178 787; x_wconf 81' lang='lat' dir='ltr'><strong>redic-</strong></span> 
     </span>
    </p>
   </div>
   <div class='ocr_carea' id='block_1_3' title="bbox 113 910 1271 3677">
    <p class='ocr_par' dir='ltr' id='par_1_3' title="bbox 115 910 1271 3052">
     <span class='ocr_line' id='line_1_6' title="bbox 159 910 1271 975; baseline 0.001 -11"><span class='ocrx_word' id='word_1_34' title='bbox 159 912 186 974; x_wconf 74' lang='lat' dir='ltr'><strong>s.</strong></span> <span class='ocrx_word' id='word_1_35' title='bbox 200 915 227 963; x_wconf 85' lang='lat'><strong>2.</strong></span> <span class='ocrx_word' id='word_1_36' title='bbox 269 914 408 975; x_wconf 71' lang='lat' dir='ltr'><strong>consuo]</strong></span> <span class='ocrx_word' id='word_1_37' title='bbox 429 915 463 967; x_wconf 90' lang='lat' dir='ltr'><strong>ln</strong></span> <span class='ocrx_word' id='word_1_38' title='bbox 479 916 535 967; x_wconf 80' lang='lat' dir='ltr'><strong>lroc</strong></span> <span class='ocrx_word' id='word_1_39' title='bbox 554 925 665 967; x_wconf 85' lang='lat' dir='ltr'><strong>numero</strong></span> <span class='ocrx_word' id='word_1_40' title='bbox 684 914 791 967; x_wconf 87' lang='lat' dir='ltr'><strong>codices</strong></span> <span class='ocrx_word' id='word_1_41' title='bbox 812 921 914 966; x_wconf 85' lang='lat' dir='ltr'><strong>tontum</strong></span> <span class='ocrx_word' id='word_1_42' title='bbox 934 925 987 965; x_wconf 86' lang='lat' dir='ltr'><strong>nou</strong></span> <span class='ocrx_word' id='word_1_43' title='bbox 1002 925 1095 966; x_wconf 83' lang='lat' dir='ltr'><strong>onnes</strong></span> <span class='ocrx_word' id='word_1_44' title='bbox 1112 924 1176 965; x_wconf 82' lang='lat' dir='ltr'><strong>cum</strong></span> <span class='ocrx_word' id='word_1_45' title='bbox 1266 910 1271 927; x_wconf 94' lang='lat'>&#39;</span> 
     </span>
     <span class='ocr_line' id='line_1_7' title="bbox 122 984 1177 1051; baseline -0.003 -15"><span class='ocrx_word' id='word_1_46' title='bbox 122 984 311 1045; x_wconf 68' lang='lat' dir='ltr'><strong>metaphraste</strong></span> <span class='ocrx_word' id='word_1_47' title='bbox 329 993 357 1034; x_wconf 90' lang='lat' dir='ltr'><strong>et</strong></span> <span class='ocrx_word' id='word_1_48' title='bbox 375 987 526 1037; x_wconf 83' lang='lat' dir='ltr'><strong>Petrarolra</strong></span> <span class='ocrx_word' id='word_1_49' title='bbox 543 987 726 1051; x_wconf 84' lang='lat' dir='ltr'><strong>consentiunt,</strong></span> <span class='ocrx_word' id='word_1_50' title='bbox 750 997 837 1048; x_wconf 79' lang='lat' dir='ltr'><strong>neane</strong></span> <span class='ocrx_word' id='word_1_51' title='bbox 858 984 886 1034; x_wconf 92' lang='lat' dir='ltr'><strong>in</strong></span> <span class='ocrx_word' id='word_1_52' title='bbox 906 984 1018 1046; x_wconf 80' lang='lat' dir='ltr'><strong>reliquis</strong></span> <span class='ocrx_word' id='word_1_53' title='bbox 1037 991 1113 1035; x_wconf 88' lang='lat' dir='ltr'><strong>tanta</strong></span> <span class='ocrx_word' id='word_1_54' title='bbox 1131 990 1177 1035; x_wconf 80' lang='lat' dir='ltr'><strong>ost</strong></span> 
     </span>
     <span class='ocr_line' id='line_1_8' title="bbox 122 1052 1179 1118; baseline 0.003 -16"><span class='ocrx_word' id='word_1_55' title='bbox 122 1054 265 1118; x_wconf 83' lang='lat' dir='ltr'><strong>varietas,</strong></span> <span class='ocrx_word' id='word_1_56' title='bbox 295 1056 424 1115; x_wconf 81' lang='lat' dir='ltr'><strong>quautam</strong></span> <span class='ocrx_word' id='word_1_57' title='bbox 449 1056 609 1118; x_wconf 68' lang='lat' dir='ltr'>portendere</span> <span class='ocrx_word' id='word_1_58' title='bbox 628 1057 697 1106; x_wconf 87' lang='lat' dir='ltr'><strong>boec</strong></span> <span class='ocrx_word' id='word_1_59' title='bbox 716 1055 783 1106; x_wconf 84' lang='lat' dir='ltr'><strong>oud.</strong></span> <span class='ocrx_word' id='word_1_60' title='bbox 804 1053 941 1105; x_wconf 78' lang='lat' dir='ltr'><strong>adnotatio</strong></span> <span class='ocrx_word' id='word_1_61' title='bbox 961 1054 1087 1104; x_wconf 81' lang='lat' dir='ltr'><strong>videtur:</strong></span> <span class='ocrx_word' id='word_1_62' title='bbox 1118 1052 1179 1117; x_wconf 81' lang='lat' dir='ltr'><strong>„in</strong></span> 
     </span>
     <span class='ocr_line' id='line_1_9' title="bbox 121 1118 1177 1189; baseline -0.001 -18"><span class='ocrx_word' id='word_1_63' title='bbox 121 1124 200 1172; x_wconf 78' lang='lat' dir='ltr'><strong>MSS.</strong></span> <span class='ocrx_word' id='word_1_64' title='bbox 217 1123 322 1172; x_wconf 87' lang='lat' dir='ltr'><strong>numeri</strong></span> <span class='ocrx_word' id='word_1_65' title='bbox 340 1136 415 1174; x_wconf 90' lang='lat' dir='ltr'><strong>more</strong></span> <span class='ocrx_word' id='word_1_66' title='bbox 434 1124 515 1175; x_wconf 83' lang='lat' dir='ltr'><strong>solito</strong></span> <span class='ocrx_word' id='word_1_67' title='bbox 534 1125 709 1174; x_wconf 86' lang='lat' dir='ltr'><strong>vehementer</strong></span> <span class='ocrx_word' id='word_1_68' title='bbox 727 1123 828 1173; x_wconf 85' lang='lat' dir='ltr'><strong>turbati</strong></span> <span class='ocrx_word' id='word_1_69' title='bbox 841 1131 919 1189; x_wconf 88' lang='lat' dir='ltr'><strong>sunt,</strong></span> <span class='ocrx_word' id='word_1_70' title='bbox 944 1135 1055 1186; x_wconf 87' lang='lat' dir='ltr'><strong>cumque</strong></span> <span class='ocrx_word' id='word_1_71' title='bbox 1070 1118 1177 1171; x_wconf 88' lang='lat' dir='ltr'><strong>exiliis</strong></span> 
     </span>
     <span class='ocr_line' id='line_1_10' title="bbox 122 1182 1177 1257; baseline 0 -16"><span class='ocrx_word' id='word_1_72' title='bbox 122 1190 192 1242; x_wconf 83' lang='lat' dir='ltr'><strong>ninii</strong></span> <span class='ocrx_word' id='word_1_73' title='bbox 209 1191 278 1240; x_wconf 87' lang='lat' dir='ltr'><strong>certi</strong></span> <span class='ocrx_word' id='word_1_74' title='bbox 291 1193 437 1243; x_wconf 87' lang='lat' dir='ltr'><strong>eruendum</strong></span> <span class='ocrx_word' id='word_1_75' title='bbox 450 1193 502 1257; x_wconf 78' lang='lat' dir='ltr'><strong>rit,</strong></span> <span class='ocrx_word' id='word_1_76' title='bbox 527 1191 658 1243; x_wconf 78' lang='lat' dir='ltr'><strong>taediosis</strong></span> <span class='ocrx_word' id='word_1_77' title='bbox 671 1192 751 1257; x_wconf 81' lang='lat' dir='ltr'><strong>nugis</strong></span> <span class='ocrx_word' id='word_1_78' title='bbox 766 1205 809 1241; x_wconf 88' lang='lat' dir='ltr'><strong>me</strong></span> <span class='ocrx_word' id='word_1_79' title='bbox 826 1200 905 1255; x_wconf 84' lang='lat' dir='ltr'><strong>teque</strong></span> <span class='ocrx_word' id='word_1_80' title='bbox 920 1192 1051 1242; x_wconf 87' lang='lat' dir='ltr'><strong>remorari</strong></span> <span class='ocrx_word' id='word_1_81' title='bbox 1064 1182 1177 1241; x_wconf 84' lang='lat' dir='ltr'><strong>nolui.“</strong></span> 
     </span>
     <span class='ocr_line' id='line_1_11' title="bbox 121 1260 1177 1322; baseline -0.001 -12"><span class='ocrx_word' id='word_1_82' title='bbox 121 1260 249 1322; x_wconf 74' lang='lat' dir='ltr'><strong>Tulingis</strong></span> <span class='ocrx_word' id='word_1_83' title='bbox 262 1261 330 1309; x_wconf 79' lang='lat' dir='ltr'><strong>Lar.</strong></span> <span class='ocrx_word' id='word_1_84' title='bbox 342 1261 392 1310; x_wconf 84' lang='lat' dir='ltr'><strong>Lb.</strong></span> <span class='ocrx_word' id='word_1_85' title='bbox 408 1262 468 1312; x_wconf 88' lang='lat' dir='ltr'><strong>Pal.</strong></span> <span class='ocrx_word' id='word_1_86' title='bbox 480 1263 576 1312; x_wconf 89' lang='lat' dir='ltr'><strong>llamb.</strong></span> <span class='ocrx_word' id='word_1_87' title='bbox 589 1262 669 1312; x_wconf 85' lang='lat' dir='ltr'><strong>Vrat.</strong></span> <span class='ocrx_word' id='word_1_88' title='bbox 683 1261 713 1312; x_wconf 84' lang='lat' dir='ltr'><strong>G.</strong></span> <span class='ocrx_word' id='word_1_89' title='bbox 725 1262 804 1312; x_wconf 78' lang='lat' dir='ltr'><strong>Gotlo.</strong></span> <span class='ocrx_word' id='word_1_90' title='bbox 817 1262 846 1309; x_wconf 94' lang='grc' dir='ltr'><strong>Β.</strong></span> <span class='ocrx_word' id='word_1_91' title='bbox 854 1261 936 1310; x_wconf 80' lang='lat' dir='ltr'><strong>vind.</strong></span> <span class='ocrx_word' id='word_1_92' title='bbox 951 1261 984 1310; x_wconf 88' lang='grc'><strong>1).</strong></span> <span class='ocrx_word' id='word_1_93' title='bbox 998 1268 1026 1309; x_wconf 90' lang='lat' dir='ltr'><strong>et</strong></span> <span class='ocrx_word' id='word_1_94' title='bbox 1038 1260 1097 1309; x_wconf 90' lang='lat' dir='ltr'><strong>edd.</strong></span> <span class='ocrx_word' id='word_1_95' title='bbox 1110 1262 1177 1309; x_wconf 77' lang='lat' dir='ltr'><strong>autu</strong></span> 
     </span>
     <span class='ocr_line' id='line_1_12' title="bbox 121 1328 1177 1396; baseline -0.004 -15"><span class='ocrx_word' id='word_1_96' title='bbox 121 1331 198 1381; x_wconf 87' lang='lat' dir='ltr'><strong>Ven.</strong></span> <span class='ocrx_word' id='word_1_97' title='bbox 217 1328 239 1377; x_wconf 81' lang='lat' dir='ltr'><strong>i.</strong></span> <span class='ocrx_word' id='word_1_98' title='bbox 262 1328 391 1396; x_wconf 62' lang='lat' dir='ltr'><strong>triginta</strong></span> <span class='ocrx_word' id='word_1_99' title='bbox 409 1329 485 1381; x_wconf 88' lang='lat' dir='ltr'><strong>milia</strong></span> <span class='ocrx_word' id='word_1_100' title='bbox 504 1342 554 1392; x_wconf 88' lang='lat' dir='ltr'><strong>pro</strong></span> <span class='ocrx_word' id='word_1_101' title='bbox 576 1330 702 1396; x_wconf 70' lang='lat' dir='ltr'><strong>triptota</strong></span> <span class='ocrx_word' id='word_1_102' title='bbox 716 1344 790 1394; x_wconf 78' lang='lat' dir='ltr'><strong>seu,</strong></span> <span class='ocrx_word' id='word_1_103' title='bbox 820 1329 973 1392; x_wconf 80' lang='lat' dir='ltr'><strong>Latobrigis</strong></span> <span class='ocrx_word' id='word_1_104' title='bbox 994 1330 1053 1380; x_wconf 89' lang='lat' dir='ltr'><strong>Pal.</strong></span> <span class='ocrx_word' id='word_1_105' title='bbox 1073 1330 1121 1378; x_wconf 88' lang='lat' dir='ltr'><strong>Dr.</strong></span> <span class='ocrx_word' id='word_1_106' title='bbox 1138 1329 1177 1378; x_wconf 72' lang='grc' dir='ltr'><strong>Δ.</strong></span> 
     </span>
     <span class='ocr_line' id='line_1_13' title="bbox 120 1398 1177 1466; baseline 0.001 -18"><span class='ocrx_word' id='word_1_107' title='bbox 120 1399 206 1448; x_wconf 73' lang='lat' dir='ltr'><strong>(ioth.</strong></span> <span class='ocrx_word' id='word_1_108' title='bbox 219 1398 251 1445; x_wconf 89' lang='grc' dir='ltr'><strong>Β.</strong></span> <span class='ocrx_word' id='word_1_109' title='bbox 264 1399 345 1451; x_wconf 79' lang='lat' dir='ltr'><strong>Vrec.</strong></span> <span class='ocrx_word' id='word_1_110' title='bbox 360 1398 391 1449; x_wconf 82' lang='lat' dir='ltr'><strong>G.</strong></span> <span class='ocrx_word' id='word_1_111' title='bbox 410 1398 491 1451; x_wconf 87' lang='lat' dir='ltr'><strong>Vind.</strong></span> <span class='ocrx_word' id='word_1_112' title='bbox 504 1398 560 1449; x_wconf 80' lang='lat' dir='ltr'><strong>OD.</strong></span> <span class='ocrx_word' id='word_1_113' title='bbox 580 1413 642 1451; x_wconf 86' lang='lat' dir='ltr'><strong>cum</strong></span> <span class='ocrx_word' id='word_1_114' title='bbox 655 1400 712 1448; x_wconf 85' lang='lat' dir='ltr'><strong>edd.</strong></span> <span class='ocrx_word' id='word_1_115' title='bbox 726 1401 828 1450; x_wconf 87' lang='lat' dir='ltr'><strong>eisdem</strong></span> <span class='ocrx_word' id='word_1_116' title='bbox 843 1399 949 1466; x_wconf 63' lang='lat' dir='ltr'><strong>viciati</strong></span> <span class='ocrx_word' id='word_1_117' title='bbox 964 1399 1027 1449; x_wconf 84' lang='lat' dir='ltr'><strong>trio</strong></span> <span class='ocrx_word' id='word_1_118' title='bbox 1040 1408 1089 1461; x_wconf 90' lang='lat' dir='ltr'><strong>pro</strong></span> <span class='ocrx_word' id='word_1_119' title='bbox 1102 1409 1177 1463; x_wconf 78' lang='lat' dir='ltr'><strong>quta·</strong></span> 
     </span>
     <span class='ocr_line' id='line_1_14' title="bbox 120 1465 1176 1534; baseline -0.005 -15"><span class='ocrx_word' id='word_1_120' title='bbox 120 1465 303 1534; x_wconf 79' lang='lat' dir='ltr'><strong>inordecim,</strong></span> <span class='ocrx_word' id='word_1_121' title='bbox 326 1467 399 1519; x_wconf 87' lang='lat' dir='ltr'><strong>Boiis</strong></span> <span class='ocrx_word' id='word_1_122' title='bbox 419 1469 467 1518; x_wconf 86' lang='lat' dir='ltr'><strong>Dr.</strong></span> <span class='ocrx_word' id='word_1_123' title='bbox 487 1470 522 1519; x_wconf 79' lang='lat' dir='ltr'><strong>A·</strong></span> <span class='ocrx_word' id='word_1_124' title='bbox 538 1468 619 1523; x_wconf 82' lang='lat' dir='ltr'><strong>vind.</strong></span> <span class='ocrx_word' id='word_1_125' title='bbox 638 1469 669 1516; x_wconf 90' lang='grc' dir='ltr'><strong>Β.</strong></span> <span class='ocrx_word' id='word_1_126' title='bbox 686 1469 770 1534; x_wconf 83' lang='lat' dir='ltr'><strong>Bong.</strong></span> <span class='ocrx_word' id='word_1_127' title='bbox 789 1469 820 1520; x_wconf 84' lang='lat' dir='ltr'><strong>G.</strong></span> <span class='ocrx_word' id='word_1_128' title='bbox 838 1481 900 1519; x_wconf 87' lang='lat' dir='ltr'><strong>cum</strong></span> <span class='ocrx_word' id='word_1_129' title='bbox 920 1469 990 1517; x_wconf 87' lang='lat' dir='ltr'><strong>Ven.</strong></span> <span class='ocrx_word' id='word_1_130' title='bbox 1012 1468 1084 1517; x_wconf 83' lang='lat' dir='ltr'><strong>cdei.</strong></span> <span class='ocrx_word' id='word_1_131' title='bbox 1112 1467 1176 1517; x_wconf 86' lang='lat' dir='ltr'><strong>lior.</strong></span> 
     </span>
     <span class='ocr_line' id='line_1_15' title="bbox 119 1535 1176 1604; baseline -0.002 -15"><span class='ocrx_word' id='word_1_132' title='bbox 119 1537 299 1604; x_wconf 63' lang='lat' dir='ltr'><strong>vigintiduo</strong></span> <span class='ocrx_word' id='word_1_133' title='bbox 312 1548 361 1599; x_wconf 90' lang='lat' dir='ltr'><strong>pro</strong></span> <span class='ocrx_word' id='word_1_134' title='bbox 374 1537 636 1604; x_wconf 62' lang='lat' dir='ltr'><strong>triptolemum,</strong></span> <span class='ocrx_word' id='word_1_135' title='bbox 658 1538 792 1589; x_wconf 78' lang='lat' dir='ltr'><strong>Rauracis</strong></span> <span class='ocrx_word' id='word_1_136' title='bbox 807 1537 890 1588; x_wconf 86' lang='lat' dir='ltr'><strong>vind.</strong></span> <span class='ocrx_word' id='word_1_137' title='bbox 902 1536 947 1587; x_wconf 81' lang='lat' dir='ltr'><strong>cl.</strong></span> <span class='ocrx_word' id='word_1_138' title='bbox 971 1536 1095 1603; x_wconf 69' lang='lat' dir='ltr'><strong>triptota</strong></span> <span class='ocrx_word' id='word_1_139' title='bbox 1112 1535 1176 1587; x_wconf 78' lang='lat' dir='ltr'><strong>tria</strong></span> 
     </span>
     <span class='ocr_line' id='line_1_16' title="bbox 120 1604 1177 1673; baseline 0 -17"><span class='ocrx_word' id='word_1_140' title='bbox 120 1620 173 1670; x_wconf 89' lang='lat' dir='ltr'><strong>pro</strong></span> <span class='ocrx_word' id='word_1_141' title='bbox 190 1605 299 1672; x_wconf 62' lang='lat' dir='ltr'><strong>uiginti</strong></span> <span class='ocrx_word' id='word_1_142' title='bbox 317 1606 425 1656; x_wconf 78' lang='lat' dir='ltr'><strong>duodus</strong></span> <span class='ocrx_word' id='word_1_143' title='bbox 446 1608 582 1673; x_wconf 82' lang='lat' dir='ltr'><strong>tribuunt,</strong></span> <span class='ocrx_word' id='word_1_144' title='bbox 604 1604 770 1657; x_wconf 73' lang='lat' dir='ltr'><strong>nominares</strong></span> <span class='ocrx_word' id='word_1_145' title='bbox 789 1605 986 1667; x_wconf 83' lang='lat' dir='ltr'><strong>discrepantius</strong></span> <span class='ocrx_word' id='word_1_146' title='bbox 1006 1608 1080 1656; x_wconf 88' lang='lat' dir='ltr'><strong>ultra</strong></span> <span class='ocrx_word' id='word_1_147' title='bbox 1093 1618 1177 1656; x_wconf 87' lang='lat' dir='ltr'><strong>unum</strong></span> 
     </span>
     <span class='ocr_line' id='line_1_17' title="bbox 122 1668 1177 1738; baseline 0.001 -13"><span class='ocrx_word' id='word_1_148' title='bbox 122 1668 172 1725; x_wconf 87' lang='lat' dir='ltr'><strong>vel</strong></span> <span class='ocrx_word' id='word_1_149' title='bbox 185 1677 238 1725; x_wconf 94' lang='lat' dir='ltr'><strong>duo</strong></span> <span class='ocrx_word' id='word_1_150' title='bbox 251 1687 303 1724; x_wconf 91' lang='lat' dir='ltr'><strong>non</strong></span> <span class='ocrx_word' id='word_1_151' title='bbox 316 1678 428 1726; x_wconf 90' lang='lat' dir='ltr'><strong>multum</strong></span> <span class='ocrx_word' id='word_1_152' title='bbox 440 1677 581 1728; x_wconf 85' lang='lat' dir='ltr'><strong>variantes</strong></span> <span class='ocrx_word' id='word_1_153' title='bbox 594 1682 707 1727; x_wconf 87' lang='lat' dir='ltr'><strong>taceam.</strong></span> <span class='ocrx_word' id='word_1_154' title='bbox 741 1677 774 1727; x_wconf 94' lang='lat' dir='ltr'><strong>In</strong></span> <span class='ocrx_word' id='word_1_155' title='bbox 790 1687 894 1725; x_wconf 87' lang='lat' dir='ltr'><strong>summa</strong></span> <span class='ocrx_word' id='word_1_156' title='bbox 906 1687 1012 1738; x_wconf 85' lang='lat' dir='ltr'><strong>eorum,</strong></span> <span class='ocrx_word' id='word_1_157' title='bbox 1036 1673 1081 1737; x_wconf 89' lang='lat' dir='ltr'><strong>qni</strong></span> <span class='ocrx_word' id='word_1_158' title='bbox 1099 1684 1177 1726; x_wconf 85' lang='lat' dir='ltr'><strong>arma</strong></span> 
     </span>
     <span class='ocr_line' id='line_1_18' title="bbox 120 1742 1176 1808; baseline -0.004 -13"><span class='ocrx_word' id='word_1_159' title='bbox 120 1745 199 1796; x_wconf 79' lang='lat' dir='ltr'><strong>ferre</strong></span> <span class='ocrx_word' id='word_1_160' title='bbox 219 1752 361 1808; x_wconf 85' lang='lat' dir='ltr'><strong>poteraut,</strong></span> <span class='ocrx_word' id='word_1_161' title='bbox 384 1744 492 1808; x_wconf 84' lang='lat' dir='ltr'><strong>longius</strong></span> <span class='ocrx_word' id='word_1_162' title='bbox 503 1758 521 1796; x_wconf 89' lang='lat' dir='ltr'><strong>a</strong></span> <span class='ocrx_word' id='word_1_163' title='bbox 534 1757 616 1808; x_wconf 88' lang='lat' dir='ltr'><strong>vero,</strong></span> <span class='ocrx_word' id='word_1_164' title='bbox 641 1746 689 1795; x_wconf 88' lang='lat' dir='ltr'><strong>sed</strong></span> <span class='ocrx_word' id='word_1_165' title='bbox 701 1743 779 1796; x_wconf 85' lang='lat' dir='ltr'><strong>facili</strong></span> <span class='ocrx_word' id='word_1_166' title='bbox 797 1747 877 1805; x_wconf 89' lang='lat' dir='ltr'><strong>lapsu</strong></span> <span class='ocrx_word' id='word_1_167' title='bbox 890 1746 1019 1796; x_wconf 88' lang='lat' dir='ltr'><strong>aberrant</strong></span> <span class='ocrx_word' id='word_1_168' title='bbox 1030 1742 1113 1795; x_wconf 81' lang='lat' dir='ltr'><strong>vind</strong></span> <span class='ocrx_word' id='word_1_169' title='bbox 1125 1742 1176 1793; x_wconf 86' lang='grc' dir='ltr'><strong>ΒΙ.</strong></span> 
     </span>
     <span class='ocr_line' id='line_1_19' title="bbox 122 1812 1176 1877; baseline -0.001 -12"><span class='ocrx_word' id='word_1_170' title='bbox 122 1826 187 1865; x_wconf 92' lang='lat' dir='ltr'><strong>cnm</strong></span> <span class='ocrx_word' id='word_1_171' title='bbox 200 1814 278 1866; x_wconf 81' lang='lat' dir='ltr'><strong>Rom.</strong></span> <span class='ocrx_word' id='word_1_172' title='bbox 296 1825 321 1863; x_wconf 81' lang='lat' dir='ltr'><strong>a</strong></span> <span class='ocrx_word' id='word_1_173' title='bbox 333 1827 403 1869; x_wconf 60' lang='grc' dir='ltr'><strong>χχιι</strong></span> <span class='ocrx_word' id='word_1_174' title='bbox 423 1825 474 1877; x_wconf 90' lang='lat' dir='ltr'><strong>pro</strong></span> <span class='ocrx_word' id='word_1_175' title='bbox 488 1827 550 1865; x_wconf 78' lang='lat' dir='ltr'><strong>scu</strong></span> <span class='ocrx_word' id='word_1_176' title='bbox 563 1815 732 1876; x_wconf 81' lang='lat' dir='ltr'><strong>praebentes.</strong></span> <span class='ocrx_word' id='word_1_177' title='bbox 766 1813 887 1876; x_wconf 86' lang='lat' dir='ltr'><strong>Denique</strong></span> <span class='ocrx_word' id='word_1_178' title='bbox 899 1814 927 1864; x_wconf 92' lang='lat' dir='ltr'><strong>in</strong></span> <span class='ocrx_word' id='word_1_179' title='bbox 942 1826 1046 1864; x_wconf 87' lang='lat' dir='ltr'><strong>summa</strong></span> <span class='ocrx_word' id='word_1_180' title='bbox 1060 1812 1176 1864; x_wconf 86' lang='lat' dir='ltr'><strong>omnium</strong></span> 
     </span>
     <span class='ocr_line' id='line_1_20' title="bbox 121 1881 1177 1950; baseline -0.004 -16"><span class='ocrx_word' id='word_1_181' title='bbox 121 1884 221 1934; x_wconf 85' lang='lat' dir='ltr'><strong>llamb.</strong></span> <span class='ocrx_word' id='word_1_182' title='bbox 245 1883 379 1933; x_wconf 83' lang='lat' dir='ltr'><strong>trecento</strong></span> <span class='ocrx_word' id='word_1_183' title='bbox 396 1883 581 1948; x_wconf 73' lang='lat' dir='ltr'><strong>septuepioio</strong></span> <span class='ocrx_word' id='word_1_184' title='bbox 600 1883 677 1950; x_wconf 81' lang='lat' dir='ltr'><strong>trio,</strong></span> <span class='ocrx_word' id='word_1_185' title='bbox 701 1882 816 1946; x_wconf 81' lang='lat' dir='ltr'><strong>quinque</strong></span> <span class='ocrx_word' id='word_1_186' title='bbox 835 1883 966 1946; x_wconf 86' lang='lat' dir='ltr'><strong>amplius,</strong></span> <span class='ocrx_word' id='word_1_187' title='bbox 990 1895 1070 1944; x_wconf 85' lang='lat' dir='ltr'><strong>qnam</strong></span> <span class='ocrx_word' id='word_1_188' title='bbox 1081 1881 1177 1949; x_wconf 72' lang='lat' dir='ltr'><strong>vulgo,</strong></span> 
     </span>
     <span class='ocr_line' id='line_1_21' title="bbox 120 1951 1177 2020; baseline 0 -17"><span class='ocrx_word' id='word_1_189' title='bbox 120 1961 153 2003; x_wconf 87' lang='lat' dir='ltr'><strong>et</strong></span> <span class='ocrx_word' id='word_1_190' title='bbox 172 1953 252 2004; x_wconf 84' lang='lat' dir='ltr'><strong>Goth.</strong></span> <span class='ocrx_word' id='word_1_191' title='bbox 268 1952 302 2000; x_wconf 83' lang='grc' dir='ltr'><strong>Α.</strong></span> <span class='ocrx_word' id='word_1_192' title='bbox 323 1965 523 2020; x_wconf 77' lang='lat' dir='ltr'><strong>coconxvnn,</strong></span> <span class='ocrx_word' id='word_1_193' title='bbox 546 1952 661 2015; x_wconf 82' lang='lat' dir='ltr'><strong>integris</strong></span> <span class='ocrx_word' id='word_1_194' title='bbox 681 1951 713 2001; x_wconf 83' lang='lat'><strong>0.</strong></span> <span class='ocrx_word' id='word_1_195' title='bbox 733 1953 845 2002; x_wconf 86' lang='lat' dir='ltr'><strong>milibus</strong></span> <span class='ocrx_word' id='word_1_196' title='bbox 858 1952 964 2002; x_wconf 86' lang='lat' dir='ltr'><strong>auctius</strong></span> <span class='ocrx_word' id='word_1_197' title='bbox 979 1952 1074 2015; x_wconf 87' lang='lat' dir='ltr'><strong>habet,</strong></span> <span class='ocrx_word' id='word_1_198' title='bbox 1095 1962 1177 2012; x_wconf 82' lang='lat' dir='ltr'><strong>quem</strong></span> 
     </span>
     <span class='ocr_line' id='line_1_22' title="bbox 121 2020 1176 2086; baseline -0.002 -13"><span class='ocrx_word' id='word_1_199' title='bbox 121 2034 267 2073; x_wconf 86' lang='lat' dir='ltr'><strong>numerum</strong></span> <span class='ocrx_word' id='word_1_200' title='bbox 284 2020 411 2070; x_wconf 85' lang='lat' dir='ltr'><strong>vitiosum</strong></span> <span class='ocrx_word' id='word_1_201' title='bbox 431 2033 494 2070; x_wconf 89' lang='lat' dir='ltr'><strong>esse</strong></span> <span class='ocrx_word' id='word_1_202' title='bbox 513 2034 548 2070; x_wconf 85' lang='lat' dir='ltr'><strong>ex</strong></span> <span class='ocrx_word' id='word_1_203' title='bbox 561 2034 665 2073; x_wconf 87' lang='lat' dir='ltr'><strong>summa</strong></span> <span class='ocrx_word' id='word_1_204' title='bbox 680 2021 845 2086; x_wconf 86' lang='lat' dir='ltr'><strong>singulorum</strong></span> <span class='ocrx_word' id='word_1_205' title='bbox 859 2027 980 2083; x_wconf 86' lang='lat' dir='ltr'><strong>apparet.</strong></span> <span class='ocrx_word' id='word_1_206' title='bbox 1015 2021 1110 2083; x_wconf 86' lang='lat' dir='ltr'><strong>ltaque</strong></span> <span class='ocrx_word' id='word_1_207' title='bbox 1125 2032 1176 2071; x_wconf 88' lang='lat' dir='ltr'><strong>su-</strong></span> 
     </span>
     <span class='ocr_line' id='line_1_23' title="bbox 121 2089 1176 2155; baseline -0.004 -12"><span class='ocrx_word' id='word_1_208' title='bbox 121 2093 162 2143; x_wconf 88' lang='lat' dir='ltr'><strong>tis</strong></span> <span class='ocrx_word' id='word_1_209' title='bbox 183 2098 275 2141; x_wconf 86' lang='lat' dir='ltr'><strong>certos</strong></span> <span class='ocrx_word' id='word_1_210' title='bbox 294 2101 419 2140; x_wconf 89' lang='lat' dir='ltr'><strong>numeros</strong></span> <span class='ocrx_word' id='word_1_211' title='bbox 440 2091 569 2141; x_wconf 85' lang='lat' dir='ltr'><strong>hebemus</strong></span> <span class='ocrx_word' id='word_1_212' title='bbox 589 2103 651 2155; x_wconf 87' lang='lat' dir='ltr'><strong>eos,</strong></span> <span class='ocrx_word' id='word_1_213' title='bbox 674 2091 721 2154; x_wconf 84' lang='lat' dir='ltr'><strong>qui</strong></span> <span class='ocrx_word' id='word_1_214' title='bbox 741 2093 826 2154; x_wconf 83' lang='lat' dir='ltr'><strong>vulgo</strong></span> <span class='ocrx_word' id='word_1_215' title='bbox 840 2091 983 2154; x_wconf 85' lang='lat' dir='ltr'><strong>leguntur,</strong></span> <span class='ocrx_word' id='word_1_216' title='bbox 1006 2102 1094 2153; x_wconf 80' lang='lat' dir='ltr'><strong>neque</strong></span> <span class='ocrx_word' id='word_1_217' title='bbox 1106 2089 1176 2140; x_wconf 87' lang='lat' dir='ltr'><strong>reli-</strong></span> 
     </span>
     <span class='ocr_line' id='line_1_24' title="bbox 120 2158 1176 2226; baseline -0.002 -17"><span class='ocrx_word' id='word_1_218' title='bbox 120 2172 237 2224; x_wconf 88' lang='lat' dir='ltr'><strong>quorum</strong></span> <span class='ocrx_word' id='word_1_219' title='bbox 250 2158 324 2209; x_wconf 89' lang='lat' dir='ltr'><strong>circa</strong></span> <span class='ocrx_word' id='word_1_220' title='bbox 338 2170 387 2209; x_wconf 85' lang='lat' dir='ltr'><strong>eos</strong></span> <span class='ocrx_word' id='word_1_221' title='bbox 402 2158 553 2210; x_wconf 77' lang='lat' dir='ltr'><strong>differentia</strong></span> <span class='ocrx_word' id='word_1_222' title='bbox 567 2161 727 2221; x_wconf 85' lang='lat' dir='ltr'><strong>scriptorum</strong></span> <span class='ocrx_word' id='word_1_223' title='bbox 739 2173 894 2226; x_wconf 88' lang='lat' dir='ltr'><strong>movemur,</strong></span> <span class='ocrx_word' id='word_1_224' title='bbox 911 2168 941 2209; x_wconf 85' lang='lat' dir='ltr'><strong>ut</strong></span> <span class='ocrx_word' id='word_1_225' title='bbox 951 2159 1008 2211; x_wconf 87' lang='lat' dir='ltr'><strong>alia</strong></span> <span class='ocrx_word' id='word_1_226' title='bbox 1020 2158 1110 2210; x_wconf 87' lang='lat' dir='ltr'><strong>omnia</strong></span> <span class='ocrx_word' id='word_1_227' title='bbox 1125 2168 1176 2209; x_wconf 90' lang='lat' dir='ltr'><strong>eos</strong></span> 
     </span>
     <span class='ocr_line' id='line_1_25' title="bbox 120 2227 1176 2294; baseline -0.003 -14"><span class='ocrx_word' id='word_1_228' title='bbox 120 2231 154 2281; x_wconf 80' lang='lat' dir='ltr'><strong>iu</strong></span> <span class='ocrx_word' id='word_1_229' title='bbox 171 2231 229 2279; x_wconf 87' lang='lat' dir='ltr'><strong>suis</strong></span> <span class='ocrx_word' id='word_1_230' title='bbox 250 2227 507 2279; x_wconf 81' lang='lat' dir='ltr'><strong>Commentariorum</strong></span> <span class='ocrx_word' id='word_1_231' title='bbox 525 2228 724 2291; x_wconf 82' lang='lat' dir='ltr'><strong>exemplaribus</strong></span> <span class='ocrx_word' id='word_1_232' title='bbox 744 2229 884 2278; x_wconf 87' lang='lat' dir='ltr'><strong>invenisse</strong></span> <span class='ocrx_word' id='word_1_233' title='bbox 905 2230 1011 2294; x_wconf 83' lang='lat' dir='ltr'><strong>potins,</strong></span> <span class='ocrx_word' id='word_1_234' title='bbox 1033 2241 1114 2292; x_wconf 83' lang='lat' dir='ltr'><strong>quam</strong></span> <span class='ocrx_word' id='word_1_235' title='bbox 1126 2228 1176 2279; x_wconf 83' lang='lat' dir='ltr'><strong>aut</strong></span> 
     </span>
     <span class='ocr_line' id='line_1_26' title="bbox 119 2294 1175 2362; baseline 0 -16"><span class='ocrx_word' id='word_1_236' title='bbox 119 2300 199 2360; x_wconf 88' lang='lat' dir='ltr'><strong>ipsos</strong></span> <span class='ocrx_word' id='word_1_237' title='bbox 217 2297 398 2362; x_wconf 82' lang='lat' dir='ltr'><strong>negligentius</strong></span> <span class='ocrx_word' id='word_1_238' title='bbox 418 2294 448 2346; x_wconf 88' lang='lat' dir='ltr'><strong>in</strong></span> <span class='ocrx_word' id='word_1_239' title='bbox 464 2296 615 2347; x_wconf 78' lang='lat' dir='ltr'><strong>referendis</strong></span> <span class='ocrx_word' id='word_1_240' title='bbox 627 2297 748 2348; x_wconf 88' lang='lat' dir='ltr'><strong>numeris</strong></span> <span class='ocrx_word' id='word_1_241' title='bbox 762 2307 907 2362; x_wconf 77' lang='lat' dir='ltr'><strong>versatos,</strong></span> <span class='ocrx_word' id='word_1_242' title='bbox 925 2307 972 2350; x_wconf 89' lang='lat' dir='ltr'><strong>aut</strong></span> <span class='ocrx_word' id='word_1_243' title='bbox 988 2298 1058 2348; x_wconf 89' lang='lat' dir='ltr'><strong>alios</strong></span> <span class='ocrx_word' id='word_1_244' title='bbox 1073 2309 1175 2361; x_wconf 86' lang='lat' dir='ltr'><strong>eosque</strong></span> 
     </span>
     <span class='ocr_line' id='line_1_27' title="bbox 118 2366 1177 2429; baseline -0.003 -7"><span class='ocrx_word' id='word_1_245' title='bbox 118 2367 212 2422; x_wconf 85' lang='lat' dir='ltr'><strong>minus</strong></span> <span class='ocrx_word' id='word_1_246' title='bbox 233 2367 287 2416; x_wconf 81' lang='lat' dir='ltr'><strong>fide</strong></span> <span class='ocrx_word' id='word_1_247' title='bbox 307 2366 403 2429; x_wconf 83' lang='lat' dir='ltr'><strong>dignos</strong></span> <span class='ocrx_word' id='word_1_248' title='bbox 421 2373 548 2416; x_wconf 86' lang='lat' dir='ltr'><strong>auctores</strong></span> <span class='ocrx_word' id='word_1_249' title='bbox 562 2375 671 2416; x_wconf 87' lang='lat' dir='ltr'><strong>secutos</strong></span> <span class='ocrx_word' id='word_1_250' title='bbox 687 2380 751 2417; x_wconf 89' lang='lat' dir='ltr'><strong>esse</strong></span> <span class='ocrx_word' id='word_1_251' title='bbox 767 2374 929 2418; x_wconf 86' lang='lat' dir='ltr'><strong>statuamus.</strong></span> <span class='ocrx_word' id='word_1_252' title='bbox 962 2369 1050 2429; x_wconf 76' lang='lat' dir='ltr'><strong>Atque</strong></span> <span class='ocrx_word' id='word_1_253' title='bbox 1064 2366 1177 2419; x_wconf 82' lang='lat' dir='ltr'><strong>Plutar-</strong></span> 
     </span>
     <span class='ocr_line' id='line_1_28' title="bbox 121 2429 1182 2505; baseline -0.001 -17"><span class='ocrx_word' id='word_1_254' title='bbox 121 2435 333 2488; x_wconf 66' lang='lat' dir='ltr'><strong>crescerem</strong></span> <span class='ocrx_word' id='word_1_255' title='bbox 355 2435 542 2486; x_wconf 84' lang='lat' dir='ltr'><strong>Helvetiorum</strong></span> <span class='ocrx_word' id='word_1_256' title='bbox 562 2436 678 2488; x_wconf 89' lang='lat' dir='ltr'><strong>omnium</strong></span> <span class='ocrx_word' id='word_1_257' title='bbox 690 2429 841 2502; x_wconf 68' lang='lat' dir='ltr'><strong>oportuerea</strong></span> <span class='ocrx_word' id='word_1_258' title='bbox 854 2430 988 2505; x_wconf 74' lang='grc' dir='ltr'><strong>μυριάδας</strong></span> <span class='ocrx_word' id='word_1_259' title='bbox 1001 2435 1088 2487; x_wconf 80' lang='lat' dir='ltr'><strong>tuisse</strong></span> <span class='ocrx_word' id='word_1_260' title='bbox 1103 2436 1182 2487; x_wconf 56' lang='lat' dir='ltr'><strong>scri-¹</strong></span> 
     </span>
     <span class='ocr_line' id='line_1_29' title="bbox 117 2504 1192 2572; baseline 0.001 -16"><span class='ocrx_word' id='word_1_261' title='bbox 117 2509 190 2560; x_wconf 75' lang='lat' dir='ltr'><strong>bens</strong></span> <span class='ocrx_word' id='word_1_262' title='bbox 208 2517 347 2557; x_wconf 86' lang='lat' dir='ltr'><strong>numerum</strong></span> <span class='ocrx_word' id='word_1_263' title='bbox 365 2505 506 2554; x_wconf 85' lang='lat' dir='ltr'><strong>rotundum</strong></span> <span class='ocrx_word' id='word_1_264' title='bbox 525 2505 624 2565; x_wconf 80' lang='lat' dir='ltr'><strong>posuit.</strong></span> <span class='ocrx_word' id='word_1_265' title='bbox 658 2504 729 2556; x_wconf 89' lang='lat' dir='ltr'><strong>ltem</strong></span> <span class='ocrx_word' id='word_1_266' title='bbox 746 2506 904 2566; x_wconf 83' lang='lat' dir='ltr'><strong>Polyaenus</strong></span> <span class='ocrx_word' id='word_1_267' title='bbox 924 2507 1006 2556; x_wconf 80' lang='lat' dir='ltr'><strong>strat.</strong></span> <span class='ocrx_word' id='word_1_268' title='bbox 1026 2505 1052 2554; x_wconf 90' lang='lat'><strong>8.</strong></span> <span class='ocrx_word' id='word_1_269' title='bbox 1076 2507 1128 2572; x_wconf 77' lang='lat'><strong>²3,</strong></span> <span class='ocrx_word' id='word_1_270' title='bbox 1144 2509 1192 2571; x_wconf 72' lang='lat'><strong>³‚&#39;</strong></span> 
     </span>
     <span class='ocr_line' id='line_1_30' title="bbox 119 2564 1173 2640; baseline -0.001 -14"><span class='ocrx_word' id='word_1_271' title='bbox 119 2576 170 2627; x_wconf 83' lang='lat' dir='ltr'><strong>ubi</strong></span> <span class='ocrx_word' id='word_1_272' title='bbox 189 2564 207 2640; x_wconf 80' lang='grc' dir='ltr'><strong><em>ἦ</em></strong></span> <span class='ocrx_word' id='word_1_273' title='bbox 229 2575 301 2625; x_wconf 81' lang='lat' dir='ltr'><strong>haud</strong></span> <span class='ocrx_word' id='word_1_274' title='bbox 320 2573 400 2624; x_wconf 84' lang='lat' dir='ltr'><strong>dubia</strong></span> <span class='ocrx_word' id='word_1_275' title='bbox 413 2573 442 2624; x_wconf 88' lang='lat' dir='ltr'><strong>in</strong></span> <span class='ocrx_word' id='word_1_276' title='bbox 452 2566 476 2624; x_wconf 80' lang='lat' dir='ltr'><strong>i&#39;</strong></span> <span class='ocrx_word' id='word_1_277' title='bbox 494 2567 651 2640; x_wconf 71' lang='grc' dir='ltr'><strong><em>(μυριάδες)</em></strong></span> <span class='ocrx_word' id='word_1_278' title='bbox 667 2575 823 2624; x_wconf 87' lang='lat' dir='ltr'><strong>mutandum</strong></span> <span class='ocrx_word' id='word_1_279' title='bbox 838 2581 890 2623; x_wconf 86' lang='lat' dir='ltr'><strong>est.</strong></span> <span class='ocrx_word' id='word_1_280' title='bbox 924 2575 977 2623; x_wconf 81' lang='lat' dir='ltr'><strong>Sed</strong></span> <span class='ocrx_word' id='word_1_281' title='bbox 992 2575 1061 2635; x_wconf 86' lang='lat' dir='ltr'><strong>quod</strong></span> <span class='ocrx_word' id='word_1_282' title='bbox 1073 2575 1107 2623; x_wconf 91' lang='lat' dir='ltr'><strong>de</strong></span> <span class='ocrx_word' id='word_1_283' title='bbox 1119 2587 1173 2625; x_wconf 86' lang='lat' dir='ltr'><strong>nu-</strong></span> 
     </span>
     <span class='ocr_line' id='line_1_31' title="bbox 117 2636 1173 2709; baseline -0.005 -12"><span class='ocrx_word' id='word_1_284' title='bbox 117 2656 196 2697; x_wconf 82' lang='lat' dir='ltr'><strong>mero</strong></span> <span class='ocrx_word' id='word_1_285' title='bbox 208 2642 329 2694; x_wconf 78' lang='lat' dir='ltr'><strong>virorum</strong></span> <span class='ocrx_word' id='word_1_286' title='bbox 340 2643 502 2693; x_wconf 85' lang='lat' dir='ltr'><strong>Plutarchus</strong></span> <span class='ocrx_word' id='word_1_287' title='bbox 517 2642 608 2709; x_wconf 81' lang='lat' dir='ltr'><strong>tradit,</strong></span> <span class='ocrx_word' id='word_1_288' title='bbox 626 2639 713 2693; x_wconf 79' lang='lat' dir='ltr'><strong>alitem</strong></span> <span class='ocrx_word' id='word_1_289' title='bbox 726 2636 861 2709; x_wconf 73' lang='grc' dir='ltr'><strong>μυριάδας</strong></span> <span class='ocrx_word' id='word_1_290' title='bbox 871 2637 938 2707; x_wconf 75' lang='grc' dir='ltr'><strong><em>μιᾶς</em></strong></span> <span class='ocrx_word' id='word_1_291' title='bbox 951 2637 1061 2696; x_wconf 80' lang='grc' dir='ltr'><strong><em>διοδσας</em></strong></span> <span class='ocrx_word' id='word_1_292' title='bbox 1073 2643 1173 2708; x_wconf 83' lang='lat' dir='ltr'><strong>fuisse,</strong></span> 
     </span>
     <span class='ocr_line' id='line_1_32' title="bbox 117 2706 1173 2777; baseline -0.004 -9"><span class='ocrx_word' id='word_1_293' title='bbox 117 2716 279 2776; x_wconf 80' lang='lat' dir='ltr'><strong>Polyaenus</strong></span> <span class='ocrx_word' id='word_1_294' title='bbox 291 2710 377 2764; x_wconf 68' lang='lat' dir='ltr'><strong>aibom</strong></span> <span class='ocrx_word' id='word_1_295' title='bbox 387 2706 537 2777; x_wconf 75' lang='grc' dir='ltr'><strong><em>μυριάδας,</em></strong></span> <span class='ocrx_word' id='word_1_296' title='bbox 554 2723 608 2761; x_wconf 89' lang='lat' dir='ltr'><strong>uon</strong></span> <span class='ocrx_word' id='word_1_297' title='bbox 620 2711 707 2774; x_wconf 82' lang='lat' dir='ltr'><strong>magis</strong></span> <span class='ocrx_word' id='word_1_298' title='bbox 722 2711 850 2760; x_wconf 82' lang='lat' dir='ltr'><strong>credibile</strong></span> <span class='ocrx_word' id='word_1_299' title='bbox 864 2712 987 2777; x_wconf 87' lang='lat' dir='ltr'><strong>videtur,</strong></span> <span class='ocrx_word' id='word_1_300' title='bbox 1010 2722 1089 2774; x_wconf 88' lang='lat' dir='ltr'><strong>qnam</strong></span> <span class='ocrx_word' id='word_1_301' title='bbox 1102 2715 1173 2776; x_wconf 85' lang='lat' dir='ltr'><strong>qnod</strong></span> 
     </span>
     <span class='ocr_line' id='line_1_33' title="bbox 117 2773 1173 2847; baseline -0.005 -10"><span class='ocrx_word' id='word_1_302' title='bbox 117 2773 194 2846; x_wconf 76' lang='lat' dir='ltr'><strong>apud</strong></span> <span class='ocrx_word' id='word_1_303' title='bbox 212 2782 337 2834; x_wconf 80' lang='lat' dir='ltr'><strong>orosium</strong></span> <span class='ocrx_word' id='word_1_304' title='bbox 358 2788 401 2831; x_wconf 89' lang='lat' dir='ltr'><strong>est</strong></span> <span class='ocrx_word' id='word_1_305' title='bbox 420 2784 454 2846; x_wconf 82' lang='grc'><strong>6,</strong></span> <span class='ocrx_word' id='word_1_306' title='bbox 469 2781 503 2847; x_wconf 88' lang='grc'><strong>7,</strong></span> <span class='ocrx_word' id='word_1_307' title='bbox 528 2779 644 2830; x_wconf 87' lang='lat' dir='ltr'><strong>omnium</strong></span> <span class='ocrx_word' id='word_1_308' title='bbox 655 2792 795 2831; x_wconf 89' lang='lat' dir='ltr'><strong>numerum</strong></span> <span class='ocrx_word' id='word_1_309' title='bbox 809 2781 844 2831; x_wconf 87' lang='lat' dir='ltr'><strong>ad</strong></span> <span class='ocrx_word' id='word_1_310' title='bbox 856 2793 948 2831; x_wconf 83' lang='lat' dir='ltr'><strong>cnvrr.</strong></span> <span class='ocrx_word' id='word_1_311' title='bbox 961 2779 1051 2843; x_wconf 85' lang='lat' dir='ltr'><strong>milia,</strong></span> <span class='ocrx_word' id='word_1_312' title='bbox 1073 2793 1173 2832; x_wconf 88' lang='lat' dir='ltr'><strong>caeso-</strong></span> 
     </span>
     <span class='ocr_line' id='line_1_34' title="bbox 117 2845 1172 2915; baseline -0.005 -8"><span class='ocrx_word' id='word_1_313' title='bbox 117 2866 182 2907; x_wconf 86' lang='lat' dir='ltr'><strong>rum</strong></span> <span class='ocrx_word' id='word_1_314' title='bbox 195 2853 230 2903; x_wconf 85' lang='lat' dir='ltr'><strong>ad</strong></span> <span class='ocrx_word' id='word_1_315' title='bbox 243 2864 384 2903; x_wconf 83' lang='lat' dir='ltr'><strong>xxxxvn.</strong></span> <span class='ocrx_word' id='word_1_316' title='bbox 397 2849 501 2913; x_wconf 81' lang='lat' dir='ltr'><strong>tuisse,</strong></span> <span class='ocrx_word' id='word_1_317' title='bbox 517 2855 564 2900; x_wconf 87' lang='lat' dir='ltr'><strong>aut</strong></span> <span class='ocrx_word' id='word_1_318' title='bbox 576 2850 647 2912; x_wconf 89' lang='lat' dir='ltr'><strong>apud</strong></span> <span class='ocrx_word' id='word_1_319' title='bbox 660 2849 819 2900; x_wconf 84' lang='lat' dir='ltr'><strong>Strabonem</strong></span> <span class='ocrx_word' id='word_1_320' title='bbox 826 2882 837 2915; x_wconf 88' lang='lat'>‚</span> <span class='ocrx_word' id='word_1_321' title='bbox 855 2849 900 2913; x_wconf 86' lang='lat' dir='ltr'><strong>qui</strong></span> <span class='ocrx_word' id='word_1_322' title='bbox 913 2850 933 2898; x_wconf 90' lang='lat' dir='ltr'><strong>l.</strong></span> <span class='ocrx_word' id='word_1_323' title='bbox 946 2845 964 2898; x_wconf 81' lang='lat'>4</span> <span class='ocrx_word' id='word_1_324' title='bbox 980 2862 1006 2911; x_wconf 90' lang='lat' dir='ltr'><strong>p.</strong></span> <span class='ocrx_word' id='word_1_325' title='bbox 1018 2847 1055 2899; x_wconf 79' lang='lat' dir='ltr'><strong>da</strong></span> <span class='ocrx_word' id='word_1_326' title='bbox 1073 2850 1124 2901; x_wconf 78' lang='lat' dir='ltr'><strong>Tz.</strong></span> <span class='ocrx_word' id='word_1_327' title='bbox 1142 2850 1172 2902; x_wconf 85' lang='lat' dir='ltr'><strong>iu</strong></span> 
     </span>
     <span class='ocr_line' id='line_1_35' title="bbox 117 2912 1172 2991; baseline -0.001 -20"><span class='ocrx_word' id='word_1_328' title='bbox 117 2934 154 2974; x_wconf 86' lang='lat' dir='ltr'><strong>eo</strong></span> <span class='ocrx_word' id='word_1_329' title='bbox 173 2922 246 2970; x_wconf 91' lang='lat' dir='ltr'><strong>bello</strong></span> <span class='ocrx_word' id='word_1_330' title='bbox 264 2920 329 2986; x_wconf 75' lang='lat' dir='ltr'><strong>napi</strong></span> <span class='ocrx_word' id='word_1_331' title='bbox 344 2912 549 2984; x_wconf 74' lang='grc' dir='ltr'><strong><em>τετταράκοντα</em></strong></span> <span class='ocrx_word' id='word_1_332' title='bbox 566 2912 702 2991; x_wconf 77' lang='grc' dir='ltr'><strong>μυριάδας</strong></span> <span class='ocrx_word' id='word_1_333' title='bbox 714 2914 850 2986; x_wconf 75' lang='grc' dir='ltr'><em>σωμάτων</em></span> <span class='ocrx_word' id='word_1_334' title='bbox 862 2917 985 2988; x_wconf 86' lang='lat' dir='ltr'><strong>perisse,</strong></span> <span class='ocrx_word' id='word_1_335' title='bbox 1008 2919 1172 2981; x_wconf 87' lang='lat' dir='ltr'><strong>superstites</strong></span> 
     </span>
     <span class='ocr_line' id='line_1_36' title="bbox 115 2981 598 3052; baseline -0.023 -8"><span class='ocrx_word' id='word_1_336' title='bbox 115 2991 207 3048; x_wconf 71' lang='lat' dir='ltr'><strong>tuisse</strong></span> <span class='ocrx_word' id='word_1_337' title='bbox 219 2981 257 3043; x_wconf 78' lang='grc' dir='ltr'><strong>εἷς</strong></span> <span class='ocrx_word' id='word_1_338' title='bbox 269 2982 480 3052; x_wconf 70' lang='grc' dir='ltr'><strong><em>ὀκτακισχιλίους</em></strong></span> <span class='ocrx_word' id='word_1_339' title='bbox 493 2990 598 3038; x_wconf 87' lang='lat' dir='ltr'><strong>narrat.</strong></span> 
     </span>
    </p>

    <p class='ocr_par' dir='ltr' id='par_1_4' title="bbox 116 3052 1172 3190">
     <span class='ocr_line' id='line_1_37' title="bbox 154 3052 1172 3126; baseline -0.002 -14"><span class='ocrx_word' id='word_1_340' title='bbox 154 3059 252 3118; x_wconf 84' lang='lat'>11111.]</span> <span class='ocrx_word' id='word_1_341' title='bbox 273 3058 357 3119; x_wconf 85' lang='lat' dir='ltr'><strong>Bong.</strong></span> <span class='ocrx_word' id='word_1_342' title='bbox 377 3059 411 3104; x_wconf 83' lang='grc' dir='ltr'><strong>Α.</strong></span> <span class='ocrx_word' id='word_1_343' title='bbox 431 3057 489 3106; x_wconf 89' lang='lat' dir='ltr'><strong>Pet.</strong></span> <span class='ocrx_word' id='word_1_344' title='bbox 511 3056 585 3106; x_wconf 79' lang='lat' dir='ltr'><strong>Gott.</strong></span> <span class='ocrx_word' id='word_1_345' title='bbox 607 3052 690 3107; x_wconf 84' lang='lat' dir='ltr'><strong>Vind.</strong></span> <span class='ocrx_word' id='word_1_346' title='bbox 707 3056 741 3126; x_wconf 77' lang='lat' dir='ltr'><strong>A,</strong></span> <span class='ocrx_word' id='word_1_347' title='bbox 759 3056 831 3108; x_wconf 86' lang='lat' dir='ltr'><strong>ven.</strong></span> <span class='ocrx_word' id='word_1_348' title='bbox 851 3055 1172 3125; x_wconf 76' lang='lat' dir='ltr'><strong>r.n1d.tir.o.noepn.</strong></span> 
     </span>
     <span class='ocr_line' id='line_1_38' title="bbox 116 3123 1092 3190; baseline -0.011 -8"><span class='ocrx_word' id='word_1_349' title='bbox 116 3130 199 3182; x_wconf 77' lang='lat' dir='ltr'><strong>llum.</strong></span> <span class='ocrx_word' id='word_1_350' title='bbox 211 3139 265 3178; x_wconf 93' lang='lat' dir='ltr'><strong>non</strong></span> <span class='ocrx_word' id='word_1_351' title='bbox 278 3138 345 3178; x_wconf 77' lang='lat' dir='ltr'><strong>xm.</strong></span> <span class='ocrx_word' id='word_1_352' title='bbox 362 3123 424 3186; x_wconf 87' lang='lat' dir='ltr'><strong>(alii</strong></span> <span class='ocrx_word' id='word_1_353' title='bbox 437 3125 680 3190; x_wconf 70' lang='lat' dir='ltr'><strong>petoordectm.)</strong></span> <span class='ocrx_word' id='word_1_354' title='bbox 1090 3154 1092 3163; x_wconf 42' lang='lat'><em>1</em></span> 
     </span>
    </p>

    <p class='ocr_par' dir='ltr' id='par_1_5' title="bbox 151 3193 782 3261">
     <span class='ocr_line' id='line_1_39' title="bbox 151 3193 782 3261; baseline -0.005 -13"><span class='ocrx_word' id='word_1_355' title='bbox 151 3195 227 3248; x_wconf 78' lang='lat' dir='ltr'><strong>ferre</strong></span> <span class='ocrx_word' id='word_1_356' title='bbox 240 3195 366 3259; x_wconf 85' lang='lat' dir='ltr'><strong>possent]</strong></span> <span class='ocrx_word' id='word_1_357' title='bbox 388 3195 506 3261; x_wconf 78' lang='lat' dir='ltr'><strong>possent</strong></span> <span class='ocrx_word' id='word_1_358' title='bbox 516 3195 641 3260; x_wconf 78' lang='lat' dir='ltr'><strong>periore</strong></span> <span class='ocrx_word' id='word_1_359' title='bbox 654 3193 734 3243; x_wconf 89' lang='lat' dir='ltr'><strong>Vind.</strong></span> <span class='ocrx_word' id='word_1_360' title='bbox 748 3195 782 3245; x_wconf 81' lang='grc' dir='ltr'><strong>Α.</strong></span> 
     </span>
    </p>

    <p class='ocr_par' dir='ltr' id='par_1_6' title="bbox 114 3261 1172 3543">
     <span class='ocr_line' id='line_1_40' title="bbox 152 3261 1171 3328; baseline -0.001 -10"><span class='ocrx_word' id='word_1_361' title='bbox 152 3265 308 3324; x_wconf 73' lang='lat' dir='ltr'><strong>cumn]</strong></span> <span class='ocrx_word' id='word_1_362' title='bbox 331 3264 379 3313; x_wconf 88' lang='lat' dir='ltr'><strong>Dr.</strong></span> <span class='ocrx_word' id='word_1_363' title='bbox 400 3264 435 3312; x_wconf 79' lang='grc' dir='ltr'><strong>Α.</strong></span> <span class='ocrx_word' id='word_1_364' title='bbox 455 3263 535 3314; x_wconf 80' lang='lat' dir='ltr'><strong>Goth.</strong></span> <span class='ocrx_word' id='word_1_365' title='bbox 552 3265 587 3314; x_wconf 78' lang='lat' dir='ltr'><strong>A.</strong></span> <span class='ocrx_word' id='word_1_366' title='bbox 601 3275 655 3314; x_wconf 88' lang='lat' dir='ltr'><strong>uon</strong></span> <span class='ocrx_word' id='word_1_367' title='bbox 668 3277 746 3315; x_wconf 73' lang='lat' dir='ltr'><strong>xcii.</strong></span> <span class='ocrx_word' id='word_1_368' title='bbox 776 3261 825 3323; x_wconf 86' lang='lat' dir='ltr'><strong>(ln</strong></span> <span class='ocrx_word' id='word_1_369' title='bbox 840 3263 923 3328; x_wconf 82' lang='lat' dir='ltr'><strong>Bong.</strong></span> <span class='ocrx_word' id='word_1_370' title='bbox 937 3263 971 3313; x_wconf 74' lang='lat' dir='ltr'><strong>A·</strong></span> <span class='ocrx_word' id='word_1_371' title='bbox 984 3263 1032 3316; x_wconf 86' lang='lat' dir='ltr'><strong>nr.</strong></span> <span class='ocrx_word' id='word_1_372' title='bbox 1046 3265 1076 3314; x_wconf 93' lang='grc' dir='ltr'><strong>Β.</strong></span> <span class='ocrx_word' id='word_1_373' title='bbox 1088 3265 1171 3317; x_wconf 78' lang='lat' dir='ltr'><strong>Vrat.</strong></span> 
     </span>
     <span class='ocr_line' id='line_1_41' title="bbox 115 3329 1171 3396; baseline -0.001 -8"><span class='ocrx_word' id='word_1_374' title='bbox 115 3331 175 3388; x_wconf 76' lang='grc' dir='ltr'><strong>ΑΒ.</strong></span> <span class='ocrx_word' id='word_1_375' title='bbox 194 3333 278 3385; x_wconf 84' lang='lat' dir='ltr'><strong>Vind.</strong></span> <span class='ocrx_word' id='word_1_376' title='bbox 295 3333 328 3383; x_wconf 79' lang='grc' dir='ltr'><strong>Β.</strong></span> <span class='ocrx_word' id='word_1_377' title='bbox 347 3333 443 3383; x_wconf 84' lang='lat' dir='ltr'><strong>Hamb.</strong></span> <span class='ocrx_word' id='word_1_378' title='bbox 464 3329 549 3381; x_wconf 89' lang='lat' dir='ltr'><strong>Bonn.</strong></span> <span class='ocrx_word' id='word_1_379' title='bbox 570 3340 597 3383; x_wconf 90' lang='lat' dir='ltr'><strong>et</strong></span> <span class='ocrx_word' id='word_1_380' title='bbox 616 3333 676 3382; x_wconf 88' lang='lat' dir='ltr'><strong>edd.</strong></span> <span class='ocrx_word' id='word_1_381' title='bbox 690 3331 826 3395; x_wconf 83' lang='lat' dir='ltr'><strong>plerisque</strong></span> <span class='ocrx_word' id='word_1_382' title='bbox 840 3341 904 3383; x_wconf 88' lang='lat' dir='ltr'><strong>ante</strong></span> <span class='ocrx_word' id='word_1_383' title='bbox 917 3335 1006 3396; x_wconf 79' lang='lat' dir='ltr'><strong>steph.</strong></span> <span class='ocrx_word' id='word_1_384' title='bbox 1023 3344 1066 3384; x_wconf 87' lang='lat' dir='ltr'><strong>est</strong></span> <span class='ocrx_word' id='word_1_385' title='bbox 1078 3348 1171 3388; x_wconf 79' lang='lat' dir='ltr'><strong>ncom-</strong></span> 
     </span>
     <span class='ocr_line' id='line_1_42' title="bbox 114 3400 1172 3473; baseline 0.003 -19"><span class='ocrx_word' id='word_1_386' title='bbox 114 3404 200 3473; x_wconf 71' lang='lat' dir='ltr'><strong>pioto</strong></span> <span class='ocrx_word' id='word_1_387' title='bbox 212 3403 278 3453; x_wconf 88' lang='lat' dir='ltr'><strong>doe.</strong></span> <span class='ocrx_word' id='word_1_388' title='bbox 313 3401 346 3452; x_wconf 91' lang='lat' dir='ltr'><strong>lu</strong></span> <span class='ocrx_word' id='word_1_389' title='bbox 358 3401 440 3452; x_wconf 85' lang='lat' dir='ltr'><strong>Vlnd.</strong></span> <span class='ocrx_word' id='word_1_390' title='bbox 454 3402 487 3450; x_wconf 83' lang='lat' dir='ltr'><strong>A.</strong></span> <span class='ocrx_word' id='word_1_391' title='bbox 501 3402 588 3454; x_wconf 82' lang='lat' dir='ltr'><strong>verbe</strong></span> <span class='ocrx_word' id='word_1_392' title='bbox 606 3402 644 3451; x_wconf 88' lang='lat' dir='ltr'><strong>ad</strong></span> <span class='ocrx_word' id='word_1_393' title='bbox 657 3400 737 3451; x_wconf 76' lang='grc' dir='ltr'><strong>πιίιία</strong></span> <span class='ocrx_word' id='word_1_394' title='bbox 749 3415 898 3456; x_wconf 76' lang='lat' dir='ltr'><strong>cxxxxrr.</strong></span> <span class='ocrx_word' id='word_1_395' title='bbox 914 3405 1034 3469; x_wconf 77' lang='lat' dir='ltr'><strong>Summo</strong></span> <span class='ocrx_word' id='word_1_396' title='bbox 1044 3407 1172 3457; x_wconf 82' lang='lat' dir='ltr'><strong>omniurn</strong></span> 
     </span>
     <span class='ocr_line' id='line_1_43' title="bbox 114 3470 802 3543; baseline -0.007 -19"><span class='ocrx_word' id='word_1_397' title='bbox 114 3474 245 3543; x_wconf 73' lang='lat' dir='ltr'><strong>fuerunt</strong></span> <span class='ocrx_word' id='word_1_398' title='bbox 256 3472 367 3533; x_wconf 87' lang='lat' dir='ltr'><strong>propter</strong></span> <span class='ocrx_word' id='word_1_399' title='bbox 378 3472 584 3521; x_wconf 80' lang='lat' dir='ltr'><strong>homoeoorcton</strong></span> <span class='ocrx_word' id='word_1_400' title='bbox 598 3470 700 3521; x_wconf 87' lang='lat' dir='ltr'><strong>omissa</strong></span> <span class='ocrx_word' id='word_1_401' title='bbox 715 3474 802 3529; x_wconf 85' lang='lat' dir='ltr'><strong>sunt.)</strong></span> 
     </span>
    </p>

    <p class='ocr_par' dir='ltr' id='par_1_7' title="bbox 113 3538 1172 3677">
     <span class='ocr_line' id='line_1_44' title="bbox 151 3538 1172 3605; baseline -0.001 -11"><span class='ocrx_word' id='word_1_402' title='bbox 151 3541 180 3602; x_wconf 78' lang='lat'><strong>8·</strong></span> <span class='ocrx_word' id='word_1_403' title='bbox 192 3546 220 3594; x_wconf 81' lang='grc' dir='ltr'><strong>Β.</strong></span> <span class='ocrx_word' id='word_1_404' title='bbox 254 3540 374 3599; x_wconf 88' lang='lat' dir='ltr'><strong>domum]</strong></span> <span class='ocrx_word' id='word_1_405' title='bbox 398 3540 456 3590; x_wconf 85' lang='lat' dir='ltr'><strong>Pet.</strong></span> <span class='ocrx_word' id='word_1_406' title='bbox 469 3540 547 3602; x_wconf 76' lang='lat' dir='ltr'><strong>ligno.</strong></span> <span class='ocrx_word' id='word_1_407' title='bbox 563 3540 635 3589; x_wconf 86' lang='lat' dir='ltr'><strong>Duk.</strong></span> <span class='ocrx_word' id='word_1_408' title='bbox 650 3541 699 3590; x_wconf 89' lang='lat' dir='ltr'><strong>Dr.</strong></span> <span class='ocrx_word' id='word_1_409' title='bbox 712 3539 744 3588; x_wconf 92' lang='grc' dir='ltr'><strong>Β.</strong></span> <span class='ocrx_word' id='word_1_410' title='bbox 757 3539 887 3605; x_wconf 54' lang='grc' dir='ltr'><strong>ΜΗ.</strong></span> <span class='ocrx_word' id='word_1_411' title='bbox 898 3538 981 3592; x_wconf 86' lang='lat' dir='ltr'><strong>vind.</strong></span> <span class='ocrx_word' id='word_1_412' title='bbox 993 3541 1027 3591; x_wconf 78' lang='grc' dir='ltr'><strong>Δ.</strong></span> <span class='ocrx_word' id='word_1_413' title='bbox 1051 3541 1172 3593; x_wconf 84' lang='lat' dir='ltr'><strong>dedomo</strong></span> 
     </span>
     <span class='ocr_line' id='line_1_45' title="bbox 113 3608 1172 3677; baseline 0.003 -15"><span class='ocrx_word' id='word_1_414' title='bbox 113 3611 201 3677; x_wconf 78' lang='lat' dir='ltr'><strong>Boug.</strong></span> <span class='ocrx_word' id='word_1_415' title='bbox 222 3610 258 3662; x_wconf 77' lang='lat' dir='ltr'><strong>A·</strong></span> <span class='ocrx_word' id='word_1_416' title='bbox 276 3612 346 3662; x_wconf 65' lang='lat' dir='ltr'><strong>lior.</strong></span> <span class='ocrx_word' id='word_1_417' title='bbox 369 3608 402 3661; x_wconf 80' lang='lat' dir='ltr'><strong>in</strong></span> <span class='ocrx_word' id='word_1_418' title='bbox 413 3609 496 3660; x_wconf 84' lang='lat' dir='ltr'><strong>domo</strong></span> <span class='ocrx_word' id='word_1_419' title='bbox 508 3609 562 3660; x_wconf 62' lang='grc' dir='ltr'><strong>θα.</strong></span> <span class='ocrx_word' id='word_1_420' title='bbox 580 3609 664 3661; x_wconf 88' lang='lat' dir='ltr'><strong>domo</strong></span> <span class='ocrx_word' id='word_1_421' title='bbox 685 3608 785 3673; x_wconf 83' lang='lat' dir='ltr'><strong>reliqui</strong></span> <span class='ocrx_word' id='word_1_422' title='bbox 804 3611 920 3663; x_wconf 86' lang='lat' dir='ltr'><strong>cumcd.</strong></span> <span class='ocrx_word' id='word_1_423' title='bbox 934 3609 988 3675; x_wconf 84' lang='lat' dir='ltr'><strong>inc.</strong></span> <span class='ocrx_word' id='word_1_424' title='bbox 1010 3610 1172 3665; x_wconf 85' lang='lat' dir='ltr'><strong>1d0ud.iu</strong></span> 
     </span>
    </p>
   </div>
   <div class='ocr_carea' id='block_1_4' title="bbox 77 3793 1171 4208">
    <p class='ocr_par' dir='ltr' id='par_1_8' title="bbox 77 3793 1171 4140">
     <span class='ocr_line' id='line_1_46' title="bbox 77 3793 1171 3863; baseline -0.003 -13"><span class='ocrx_word' id='word_1_425' title='bbox 77 3795 169 3863; x_wconf 87' lang='lat' dir='ltr'><strong>ipsius</strong></span> <span class='ocrx_word' id='word_1_426' title='bbox 182 3794 299 3849; x_wconf 88' lang='lat' dir='ltr'><strong>nominis</strong></span> <span class='ocrx_word' id='word_1_427' title='bbox 312 3795 508 3860; x_wconf 81' lang='lat' dir='ltr'><strong>matutinoque</strong></span> <span class='ocrx_word' id='word_1_428' title='bbox 521 3793 613 3847; x_wconf 84' lang='lat' dir='ltr'><strong>additi.</strong></span> <span class='ocrx_word' id='word_1_429' title='bbox 648 3806 760 3861; x_wconf 78' lang='lat' dir='ltr'><strong>gram.</strong></span> <span class='ocrx_word' id='word_1_430' title='bbox 778 3793 805 3854; x_wconf 77' lang='lat' dir='ltr'><strong>S.</strong></span> <span class='ocrx_word' id='word_1_431' title='bbox 818 3797 881 3848; x_wconf 77' lang='lat'><strong>369.</strong></span> <span class='ocrx_word' id='word_1_432' title='bbox 911 3795 1067 3847; x_wconf 76' lang='lat' dir='ltr'><strong>Perfectum</strong></span> <span class='ocrx_word' id='word_1_433' title='bbox 1079 3803 1171 3850; x_wconf 86' lang='lat' dir='ltr'><strong>autem</strong></span> 
     </span>
     <span class='ocr_line' id='line_1_47' title="bbox 78 3864 1171 3931; baseline -0.002 -13"><span class='ocrx_word' id='word_1_434' title='bbox 78 3868 209 3920; x_wconf 76' lang='lat' dir='ltr'><strong>omnium</strong></span> <span class='ocrx_word' id='word_1_435' title='bbox 231 3867 364 3921; x_wconf 83' lang='lat' dir='ltr'><strong>rationem</strong></span> <span class='ocrx_word' id='word_1_436' title='bbox 386 3866 512 3919; x_wconf 83' lang='lat' dir='ltr'><strong>idoneam</strong></span> <span class='ocrx_word' id='word_1_437' title='bbox 535 3865 607 3917; x_wconf 83' lang='lat' dir='ltr'><strong>ade-</strong></span> <span class='ocrx_word' id='word_1_438' title='bbox 648 3864 894 3931; x_wconf 69' lang='lat' dir='ltr'><strong>pompaticam,</strong></span> <span class='ocrx_word' id='word_1_439' title='bbox 925 3877 977 3928; x_wconf 87' lang='lat' dir='ltr'><strong>quo</strong></span> <span class='ocrx_word' id='word_1_440' title='bbox 997 3877 1081 3928; x_wconf 83' lang='lat' dir='ltr'><strong>supra</strong></span> <span class='ocrx_word' id='word_1_441' title='bbox 1101 3878 1171 3916; x_wconf 84' lang='lat' dir='ltr'><strong>usus</strong></span> 
     </span>
     <span class='ocr_line' id='line_1_48' title="bbox 79 3935 1171 4001; baseline -0.002 -13"><span class='ocrx_word' id='word_1_442' title='bbox 79 3944 155 3991; x_wconf 81' lang='lat' dir='ltr'><strong>runt.</strong></span> <span class='ocrx_word' id='word_1_443' title='bbox 553 3985 558 3994; x_wconf 77' lang='grc'>,</span> <span class='ocrx_word' id='word_1_444' title='bbox 648 3941 711 4001; x_wconf 61' lang='lat' dir='ltr'><strong>est,</strong></span> <span class='ocrx_word' id='word_1_445' title='bbox 724 3942 862 3996; x_wconf 83' lang='lat' dir='ltr'><strong>receptum</strong></span> <span class='ocrx_word' id='word_1_446' title='bbox 876 3946 894 3984; x_wconf 91' lang='lat' dir='ltr'><strong>a</strong></span> <span class='ocrx_word' id='word_1_447' title='bbox 908 3935 1108 3995; x_wconf 85' lang='lat' dir='ltr'><strong>perlustrandis</strong></span> <span class='ocrx_word' id='word_1_448' title='bbox 1125 3941 1171 3986; x_wconf 80' lang='lat' dir='ltr'><strong>ta-</strong></span> 
     </span>
     <span class='ocr_line' id='line_1_49' title="bbox 647 4002 1170 4069; baseline 0.002 -15"><span class='ocrx_word' id='word_1_449' title='bbox 647 4004 721 4054; x_wconf 86' lang='lat' dir='ltr'><strong>bulis</strong></span> <span class='ocrx_word' id='word_1_450' title='bbox 746 4004 783 4052; x_wconf 87' lang='lat' dir='ltr'><strong>ad</strong></span> <span class='ocrx_word' id='word_1_451' title='bbox 806 4002 1012 4055; x_wconf 87' lang='lat' dir='ltr'><strong>renuntiandum</strong></span> <span class='ocrx_word' id='word_1_452' title='bbox 1031 4003 1074 4067; x_wconf 89' lang='lat' dir='ltr'><strong>id,</strong></span> <span class='ocrx_word' id='word_1_453' title='bbox 1098 4004 1170 4069; x_wconf 83' lang='lat' dir='ltr'><strong>quod</strong></span> 
     </span>
     <span class='ocr_line' id='line_1_50' title="bbox 130 4069 1168 4140; baseline 0.003 -16"><span class='ocrx_word' id='word_1_454' title='bbox 130 4071 160 4134; x_wconf 75' lang='lat' dir='ltr'><strong>S.</strong></span> <span class='ocrx_word' id='word_1_455' title='bbox 174 4075 201 4124; x_wconf 71' lang='grc' dir='ltr'><strong>Β.</strong></span> <span class='ocrx_word' id='word_1_456' title='bbox 236 4072 362 4133; x_wconf 84' lang='lat' dir='ltr'><strong>inerunt]</strong></span> <span class='ocrx_word' id='word_1_457' title='bbox 387 4072 429 4122; x_wconf 88' lang='lat' dir='ltr'><strong>lia</strong></span> <span class='ocrx_word' id='word_1_458' title='bbox 443 4069 544 4135; x_wconf 90' lang='lat' dir='ltr'><strong>plurali</strong></span> <span class='ocrx_word' id='word_1_459' title='bbox 559 4070 603 4130; x_wconf 77' lang='lat' dir='ltr'><strong>(s.</strong></span> <span class='ocrx_word' id='word_1_460' title='bbox 647 4077 804 4140; x_wconf 87' lang='lat' dir='ltr'><strong>repererat,</strong></span> <span class='ocrx_word' id='word_1_461' title='bbox 834 4084 999 4125; x_wconf 81' lang='lat' dir='ltr'><strong>conversum</strong></span> <span class='ocrx_word' id='word_1_462' title='bbox 1020 4072 1168 4127; x_wconf 78' lang='lat' dir='ltr'><strong>caesarem</strong></span> 
     </span>
    </p>

    <p class='ocr_par' dir='ltr' id='par_1_9' title="bbox 80 4140 822 4208">
     <span class='ocr_line' id='line_1_51' title="bbox 80 4140 822 4208; baseline -0.003 -14"><span class='ocrx_word' id='word_1_463' title='bbox 80 4143 99 4194; x_wconf 81' lang='lat'><strong>²</strong></span> <span class='ocrx_word' id='word_1_464' title='bbox 123 4141 273 4208; x_wconf 74' lang='lat' dir='ltr'><strong>singularis</strong></span> <span class='ocrx_word' id='word_1_465' title='bbox 291 4145 367 4202; x_wconf 81' lang='lat' dir='ltr'><strong>erat)</strong></span> <span class='ocrx_word' id='word_1_466' title='bbox 398 4141 455 4194; x_wconf 81' lang='lat' dir='ltr'><strong>vid.</strong></span> <span class='ocrx_word' id='word_1_467' title='bbox 482 4140 603 4206; x_wconf 76' lang='lat' dir='ltr'><strong>zoupod</strong></span> <span class='ocrx_word' id='word_1_468' title='bbox 646 4144 822 4196; x_wconf 73' lang='lat' dir='ltr'><strong>dommum.</strong></span> 
     </span>
    </p>
   </div>
   <div class='ocr_carea' id='block_1_5' title="bbox 0 0 1290 4688">
    <p class='ocr_par' dir='ltr' id='par_1_10' title="bbox 0 0 1290 4688">
     <span class='ocr_line' id='line_1_52' title="bbox 0 0 1290 4688; baseline 0 3"><span class='ocrx_word' id='word_1_469' title='bbox 0 0 1290 4688; x_wconf 95' lang='lat' dir='ltr'><strong> </strong></span> 
     </span>
    </p>
   </div>
  </div>
 </body>
</html>
