2572 4688
134 276 201 346 loo
395 270 468 344 nd
492 271 674 345 BELLO
702 270 955 391 duduco

79 480 122 546 12
135 482 231 532 suam
249 463 333 532 bono
352 484 429 533 eeee
451 461 618 548 Gelliam,
643 464 1015 545 eicotillomnoetrem.
1079 460 1134 533 Vt
1151 462 1221 555 ipsi

29 588 35 610 ι
92 622 97 628 ,
135 548 274 621 concedi
288 572 355 618 uon
378 558 571 642 oporteret,
596 551 629 618 si
647 551 685 619 iu
705 558 842 620 nostroe
854 553 939 623 flues
951 552 1117 641 impetum
1129 553 1221 622 tuoe-

128 646 209 721 ¹ret,
234 639 286 707 sic
301 639 383 706 item
395 661 458 706 uos
474 660 550 707 esse
564 639 720 726 iniquos,
741 638 831 729 quod
842 639 876 706 iu
894 660 958 707 ouo
969 640 1045 707 iure
1058 662 1097 707 ee
1111 640 1222 709 iuter-

79 743 120 808 13
134 727 351 817 pelleremus.
410 725 511 814 Quod
524 727 648 794 fratres
663 725 699 818 [o
712 732 850 794 sendtue
862 722 1035 816 consulto]
1054 725 1222 797 Haeduos

129 815 325 905 ‚appellatos
347 810 494 896 diceret,
521 836 588 881 uon
607 835 645 885 ee
667 821 738 882 tum
753 814 933 889 barborum
947 834 1055 902 neque
1068 822 1140 883 um
1156 817 1223 884 im-

80 903 84 913 ·
128 894 376 1006 rire-⁰⁹⁵⁰
395 922 530 1055 3¹3
556 900 1222 1063 33:33333333313’3

127 987 679 1184 ffifflffileocgtzufflsuibus,
697 1098 788 1166 ‚quus
808 1075 945 1181 lduedui
961 1099 1075 1183 secum
1089 1085 1126 1144 et
1141 1012 1219 1147 grum

30 1204 39 1221 “
79 1246 120 1317 n
133 1158 1106 1342 sdiiiehttiiiiitniiittiiiiiiiiitiii
1127 1187 1223 1344 iiii

187 1460 290 1524 ’8.12.
330 1458 410 1526 item]
439 1460 550 1517 itemm
570 1460 651 1515 Gerr.
674 1459 746 1514 nub·
768 1458 846 1523 Idps.
870 1459 944 1513 soei.
965 1458 1068 1512 omer.
1084 1459 1159 1513 nav.
1175 1459 1222 1512 ci.

169 1533 238 1585 oud.
253 1536 268 1583 1
285 1531 346 1595 ipso
363 1533 431 1585 oud.
448 1533 552 1599 invito,
575 1541 658 1593 utex
674 1532 734 1582 eius
751 1530 923 1581 adnotatione
937 1535 1059 1592 apparet.

202 1603 286 1665 qrrod]
310 1602 359 1667 qui
374 1602 476 1668 „MSS
492 1604 556 1666 qdd.
572 1610 600 1652 ec
615 1601 684 1651 Edd.
701 1601 769 1650 vett.
779 1596 797 1629 ‘⁶
814 1600 873 1650 edd.
889 1606 953 1650 oute
969 1601 1047 1651 Turr-
1064 1603 1093 1651 et
1109 1594 1179 1648 0ud.
1194 1598 1221 1647 1.

167 1668 243 1722 MSS.
261 1670 349 1738 iiloe,'
364 1682 432 1734 quoe
450 1670 517 1722 oud.
535 1673 551 1722 1
569 1672 674 1722 racione
690 1679 743 1719 uon
758 1667 864 1720 redditu
877 1675 988 1718 secutus
999 1674 1058 1735 est,
1079 1672 1136 1717 uori
1147 1665 1221 1730 opti-

167 1750 228 1791 mos
250 1738 339 1790 tuisse
362 1751 397 1787 ex
415 1739 536 1791 Fabricii
552 1737 705 1803 exemplari
722 1745 750 1788 et
767 1750 802 1789 ex
819 1749 940 1788 meorum
957 1735 1158 1800 comparatione
1174 1735 1221 1786 iu-

168 1807 318 1873 telligitur:
342 1805 392 1872 qui
409 1815 512 1860 tentum
529 1808 558 1859 in
574 1810 633 1861 Pul.
648 1808 728 1859 Vrat.
746 1805 777 1857 G.
795 1806 876 1859 tietb.
887 1808 943 1857 AB.
957 1807 1009 1858 iio.
1022 1806 1121 1858 Hamb.
1134 1803 1219 1856 Viud.

168 1876 250 1930 0le
268 1875 378 1942 iegitur.
411 1876 510 1929 Merito
527 1877 624 1928 oud.2
644 1877 720 1942 quod
735 1875 863 1927 restituit.

202 1946 230 2007 8.
245 1948 288 1998 13.
322 1944 399 2006 Quod
416 1946 520 1997 tratres
537 1948 568 2007 [e
585 1954 697 1997 seuerus
710 1945 846 2004 consulto]
866 1943 995 1995 Haeduos
1007 1942 1161 2006 appellatos
1174 1936 1219 1992 di-

169 2014 260 2073 ceret]
290 2013 443 2076 secundum
467 2012 576 2066 codices
599 2014 705 2065 caesar
722 2021 768 2064 eun
786 2013 861 2078 quod
878 2013 995 2081 fratrea
1011 2012 1148 2064 Haeduae
1163 2023 1220 2075 ap-

165 2083 290 2148 pedatu
311 2079 443 2151 diceret,
476 2084 524 2134 aut
540 2084 616 2147 quod
632 2098 653 2136 a
667 2094 699 2134 se
716 2083 850 2134 Haeduos
866 2083 972 2134 amicoo
985 2082 1151 2148 oppedutoe
1169 2079 1219 2132 de·-

168 2151 251 2204 ceret
272 2151 422 2215 scripsisse
444 2153 579 2216 putandus
601 2160 660 2220 esc,
688 2164 801 2216 quorum
819 2152 888 2202 illud
904 2153 932 2202 iu
948 2151 1084 2215 dmg-‚A-
1100 2151 1165 2203 Per·
1182 2153 1219 2199 Α.

169 2220 220 2273 Dr.
237 2220 272 2268 Δ.
288 2221 425 2271 eteorum
445 2221 578 2289 asseclis,
599 2222 651 2272 boc
667 2219 696 2272 iu
709 2219 790 2273 Viud.
807 2223 842 2272 d.
860 2222 933 2273 Her.
945 2221 980 2272 A.
997 2221 1061 2272 Par.
1072 2219 1104 2270 B.
1122 2217 1219 2270 veria-

168 2296 198 2340 to
215 2296 305 2339 umen
322 2288 436 2340 nominis
449 2289 555 2341 amicos
567 2291 628 2345 ioco
642 2289 750 2355 legitur.
783 2292 914 2342 Neutrum
928 2289 1067 2355 probabile
1079 2294 1131 2340 eso
1157 2286 1219 2338 lte-

169 2369 222 2422 que
240 2357 358 2411 editoroe
375 2356 425 2410 eiii
442 2358 523 2411 aliter
540 2361 630 2413 iocum
647 2361 789 2412 emendare
806 2359 897 2411 cunuti
914 2365 985 2410 suut.
1019 2361 1091 2410 Ante
1104 2357 1175 2408 ven.
1189 2356 1217 2406 b·

153 2425 325 2495 tegebatur:
355 2426 433 2493 qood
456 2429 574 2497 fratres
597 2444 616 2482 u
638 2443 689 2482 ee.-
709 2431 740 2481 et
756 2429 864 2480 amicos
883 2441 950 2493 opp.
967 2427 1075 2480 deduce
1091 2426 1149 2478 dic.
1183 2425 1219 2476 lu

168 2493 241 2547 Veu.
263 2497 292 2547 b:
312 2508 332 2548 o
353 2509 394 2549 se.
420 2495 450 2548 tu
466 2496 537 2550 ven.
560 2499 621 2551 ede.
642 2501 703 2550 Ber.
728 2511 748 2550 o
762 2511 795 2551 ee
818 2497 948 2560 scriptum
965 2497 1044 2560 idque
1060 2498 1089 2548 iu
1103 2496 1176 2548 ven·
1194 2494 1218 2543 f·

166 2571 327 2630 nervuum,
350 2568 399 2618 eed
414 2565 522 2619 bedoos
535 2570 597 2620 anm
609 2579 676 2635 opp.
688 2568 849 2622 collocatum
862 2569 914 2617 eet
947 2567 1034 2616 Aldus
1046 2562 1130 2616 edidit
1140 2563 1218 2630 quod

168 2645 210 2687 eur
225 2635 474 2689 ummueconodtc
491 2638 625 2689 Haeduos
642 2649 706 2705 opp.
723 2650 780 2689 om.
793 2636 848 2687 dic.
871 2637 1023 2698 Stephanus
1040 2633 1116 2701 quod
1134 2648 1153 2685 a
1168 2645 1218 2684 ee-

166 2706 242 2756 cetu
266 2703 340 2757 Hed.
362 2714 427 2772 app.
449 2719 507 2758 om.
523 2706 580 2759 dic.
614 2706 665 2771 Gr.
686 2707 712 2758 b.
737 2707 812 2773 quod
829 2706 946 2772 frotree
963 2717 1001 2756 eu
1017 2705 1048 2757 S·
1065 2702 1096 2755 d.
1112 2704 1144 2754 ed
1159 2715 1218 2754 cm.

166 2786 234 2840 opp.
251 2773 324 2827 Hed.
342 2773 400 2827 dic.
433 2774 554 2838 Denique
571 2776 640 2828 oud.
658 2775 734 2842 quod
750 2776 867 2842 fratres
883 2788 903 2826 o
918 2771 1150 2826 senatu-Aeduos
1162 2773 1219 2824 od-

139 2866 144 2875 ·
165 2843 288 2907 pelium
310 2843 434 2897 diceret.
475 2846 552 2905 Quae
570 2843 654 2897 lectio
670 2847 706 2896 ad
721 2857 832 2895 sensum
849 2841 1065 2895 commodissima
1081 2843 1140 2909 est,
1167 2842 1219 2893 sed

166 2911 228 2964 siue
245 2910 356 2973 ratione
378 2909 454 2964 credi
477 2916 539 2965 vult
561 2929 580 2966 a
594 2916 699 2968 senato
716 2927 765 2976 per
782 2913 964 2975 compendium
983 2927 1002 2964 a
1017 2924 1057 2965 ee.
1075 2909 1219 2978 scriptum,

140 2990 144 2996 ’
166 2978 262 3032 deiude
278 2992 297 3032 e
312 2980 432 3035 librariis
448 2981 577 3035 omissum
593 2997 666 3036 esse.
699 2985 785 3035 Multo
803 2982 913 3034 facilius
933 2995 949 3033 e
965 2983 995 3033 S·
1012 2980 1042 3035 O·
1059 2988 1124 3044 poet
1147 2982 1218 3048 tro-

143 3052 146 3061 '
167 3046 232 3101 teet
244 3046 283 3101 'in
306 3051 395 3104 altero
417 3052 541 3103 codicum
558 3065 659 3118 genere
676 3052 817 3119 excidere,
843 3051 872 3101 in
890 3051 977 3101 altero
993 3065 1013 3102 o
1028 3062 1060 3101 ee
1077 3050 1138 3101 eius
1155 3051 1218 3100 loco

168 3115 252 3168 scribi
268 3117 362 3180 potuit.
394 3117 455 3172 Hoc
470 3121 556 3185 igitur
572 3123 758 3186 supplemento
775 3133 809 3171 ex
826 3119 984 3175 coniectura
996 3119 1099 3172 inserto
1111 3118 1218 3185 tellone

167 3197 231 3240 eum
246 3184 315 3240 (iud.
332 3184 374 3240 sic
389 3186 513 3260 e'xbibui,
535 3197 567 3243 ot
581 3191 610 3245 iu
627 3190 821 3247 vetustissimis
838 3190 917 3244 libris
934 3190 1070 3267 leguntur.
1187 3184 1190 3189 '

132 3371 210 3456 iocos
235 3370 271 3427 ab
291 3371 438 3445 Hereopio
455 3382 484 3428 et
500 3373 653 3448 Lipperto,
748 3374 835 3442 513.
867 3380 939 3432 beilo
953 3379 1131 3443 Allobrogum
1150 3387 1218 3445 pro-

133 3448 180 3507 qin
198 3436 251 3494 siit
267 3446 356 3496 tamen
374 3446 410 3498 ad
425 3445 593 3501 Ariovistum
605 3461 653 3503 re·
696 3445 782 3510 ximo]
812 3447 856 3501 Ut.
882 3453 971 3502 adnot.
995 3451 1032 3502 ad
1049 3451 1115 3499 od
1141 3445 1217 3508 501·

133 3512 243 3577 terunt,
260 3513 366 3565 citatos.
696 3519 854 3572 Ariovistus
873 3520 973 3570 bellum
997 3531 1017 3571 a
1039 3517 1139 3569 Pisone
1166 3527 1218 3580 ge·

185 3580 213 3642 s.
226 3582 270 3655 1¹2.
296 3575 362 3644 ipsi]
380 3591 434 3634 uon
445 3578 507 3650 eibi,
524 3599 577 3649 quo
590 3598 653 3637 cer·
697 3596 785 3654 scum,
809 3590 879 3652 quud
897 3587 1011 3651 gravius
1033 3588 1142 3654 tuerat,
1168 3596 1217 3636 re-

131 3646 189 3700 tius
206 3653 371 3717 exspectatio
383 3661 526 3704 moveatur
538 3656 654 3707 ulterius
696 3657 803 3722 spicere
814 3658 933 3708 videtur.
1135 3700 1140 3709 .

133 3714 197 3770 buic
219 3712 387 3787 opponendi,
417 3723 488 3785 quod
516 3732 561 3775 esc
589 3737 653 3778 noe.
747 3727 867 3786 Haedui]
886 3727 918 3777 ld
929 3721 1136 3788 perspicuitatis
1147 3731 1217 3772 ceu-

133 3785 211 3849 Quod
230 3789 253 3838 si
271 3788 433 3841 accusativo
450 3792 527 3842 locus
541 3791 650 3862 fuisset,
696 3802 730 3846 ea
759 3796 918 3862 repetitum,
947 3804 1109 3860 quamquem
1137 3790 1218 3855 571⁸oe

132 3858 299 3908 see‘eeadem
313 3859 343 3911 vi
356 3855 409 3909 dici
421 3867 537 3923 poterat.
571 3862 650 3915 cde.
693 3863 838 3933 dumdicio,
851 3866 959 3917 eosdem
967 3863 1100 3916 -lioeduoe
1113 3860 1141 3919 iu
1154 3858 1217 3910 aui-
1272 3904 1275 3908 ,

131 3922 168 3976 40
185 3923 211 3985 S·
224 3924 243 3977 4
258 3933 286 3976 et
305 3940 329 3977 c.
343 3925 379 3978 43
393 3926 421 3990 s.
434 3930 468 3994 6,
493 3931 540 3981 ubi
558 3930 650 3998 ipsius
692 3933 838 3985 mobobet.
871 3931 916 3985 Gt.
936 3947 961 3985 c.
982 3929 1018 3984 24
1042 3929 1098 3992 §.1
1122 3927 1217 3992 ibique

131 3998 161 4043 et
172 3993 246 4059 ipsiu
264 3995 329 4046 item
343 4009 393 4059 pro
403 4011 458 4049 eoo
472 4001 500 4048 et
511 3999 582 4068 eibi,
601 4001 649 4053 sed
692 4003 829 4067 adnotato.

130 4060 232 4115 eltede
245 4076 330 4118 causo
342 4067 578 4124 etedeviteudem
588 4083 649 4123 am·
744 4070 770 4130 s.
791 4069 835 4121 14.
871 4069 1004 4131 amicitia]
1029 4066 1216 4130 Haeduorum,

130 4128 287 4197 bigoitatem
298 4135 388 4201 posita
401 4143 483 4210 eunt„
609 4194 644 4209 ,,
690 4138 717 4193 ei
734 4139 860 4203 proxime
879 4141 1027 4207 sequimur.
1061 4136 1217 4196 sedverbo
