2572 4688
92 262 116 308 x
461 234 809 311 rosnssrlo.

90 450 153 499 nes
171 428 208 497 iu
226 414 442 520 conspectum
456 427 643 518 producere
655 450 760 499 ausus
775 433 831 497 est
844 432 924 497 tunc
937 428 1083 519 primun
1098 435 1186 520 post

92 533 212 607 suum
230 533 458 614 dominatum,
492 555 569 602 cum
589 532 722 601 blerios
742 532 852 601 bostis
874 531 1047 603 iudicatus
1074 541 1185 618 meet,

91 640 199 711 νίιιιι.
243 635 346 727 Quod
361 660 380 704 a
393 636 565 704 nonnullis
576 636 709 703 crimini
722 637 756 703 ei
768 635 884 704 datum
895 640 1042 728 populus
1057 661 1183 726 magno

91 744 260 834 applausu
283 741 415 830 excepit
435 746 471 809 ct
492 749 665 828 tamquam
685 741 728 807 ab
749 740 870 810 interis
891 762 931 809 ox
950 744 1053 832 longo
1071 743 1184 811 inter-

90 850 181 932 vallo
194 845 408 915 reducentem
422 844 526 913 Marii
538 847 681 912 bonores
695 851 748 913 cst
763 843 964 917 admiratos.

198 948 383 1038 Quaestori
414 949 588 1039 provincia
614 949 841 1025 obvenitssub
867 940 1024 1017 Antistio
1049 945 1182 1015 Vetere

89 1059 250 1143 praetore
271 1051 440 1143 Hispania
459 1053 631 1136 ulterior3‘
657 1052 717 1121 ubi
737 1073 811 1119 cum
832 1051 993 1119 mandatu
1007 1055 1180 1142 praetoris

90 1155 135 1223 ad
149 1156 202 1223 ius
216 1153 393 1224 dicendum
410 1165 593 1225 conventus
607 1157 800 1225 circumiret
818 1153 1000 1245 Gadesque
1015 1155 1181 1238 venisset,

89 1257 323 1329 animadversa
336 1260 373 1327 in
386 1250 547 1328 Herculis
561 1263 689 1351 templo
702 1259 814 1347 magni
828 1258 1018 1329 Alexandri
1031 1261 1182 1347 imagine

88 1363 270 1452 ingemuit,
293 1365 387 1453 ‚quod
407 1365 590 1433 nihildum
611 1388 631 1432 a
652 1386 689 1433 ee
712 1363 929 1433 memorabile
948 1373 1059 1433 aetum
1083 1373 1181 1433 esset

87 1469 124 1537 in
139 1475 268 1556 aetate,
290 1492 356 1558 qua
370 1469 436 1536 iam
450 1468 648 1552 Alexander
661 1466 776 1536 orbem
788 1476 957 1536 terrarum
971 1469 1180 1555 subegisset.

86 1571 135 1641 Bt
154 1595 230 1641 cum
251 1579 401 1664 proxima
416 1581 514 1642 nocte
529 1575 621 1643 visus
635 1580 729 1643 seset
741 1594 805 1662 per
817 1573 965 1661 quietem
979 1595 1053 1641 cum
1067 1581 1180 1641 matre

86 1666 326 1760 concubuisse,
353 1699 459 1766 eoque
474 1680 682 1746 coniectores
701 1677 880 1745 arbitrium
894 1677 988 1745 orbis
1006 1685 1177 1746 terrarum

86 1782 245 1873 portendi
276 1781 458 1865 dixissent,
499 1782 693 1850 missionem
720 1783 880 1849 continuo
906 1783 1105 1868 efflagitavit
1131 1780 1179 1849 ad

87 1884 274 1975 captandas
299 1906 400 1972 quam
428 1885 573 1974 primum
600 1889 764 1955 maiorum
784 1908 899 1953 rerum
925 1887 1117 1954 occasiones
1140 1888 1177 1953 in

87 1989 185 2059 urbe.
228 1987 416 2077 Impetrate
431 1989 592 2063 missione
607 2013 627 2056 a
643 1996 763 2057 senatu
782 1993 838 2057 vel
855 2012 875 2057 ι
897 1997 1073 2079 praetore,
1097 2013 1177 2059 uam

86 2092 174 2159 certi
188 2091 366 2180 quicquam
384 2093 597 2179 pronuntiari
614 2092 656 2159 de
670 2114 710 2161 eo
723 2115 791 2159 nou
807 2096 914 2182 magis
927 2101 1051 2184 potest,
1073 2119 1188 2185 quam¹

8 2224 15 2235 ‘
85 2195 130 2265 de
150 2202 303 2286 tempore
319 2192 493 2262 discessus
509 2195 599 2264 etde
613 2196 764 2265 robusin
779 2199 854 2289 ipsa
867 2200 1038 2287 provincia
1055 2204 1177 2286 gestis,

40 2296 44 2309 '
84 2322 228 2393 quarum
242 2299 488 2390 perhonorifice
502 2296 651 2387 quidem,
672 2299 733 2366 sed
748 2324 866 2390 parum
880 2302 1018 2371 definita
1031 2305 1072 2372 fit
1084 2328 1178 2372 com-

85 2404 302 2486 memoratio,
331 2424 440 2491 neque
461 2402 567 2484 illud,
596 2403 686 2493 quod
706 2403 882 2472 Cordubae
903 2409 1050 2497 primum
1071 2411 1176 2478 comi-

85 2508 164 2579 tiali
186 2507 304 2575 morbo
324 2514 503 2596 correptus
523 2504 667 2589 dieitur,
693 2511 929 2609 quaestorios,
958 2535 1002 2579 sn
1022 2517 1175 2603 praetori

85 2611 265 2696 acciderit,
287 2612 373 2680 satis
390 2619 542 2693 constet,
565 2612 724 2678 missione
738 2611 844 2697 igitur
858 2614 1040 2705 impetrata
1057 2617 1174 2686 deces-

84 2717 134 2795 sit
152 2723 230 2785 ante
250 2722 384 2806 tempus
395 2725 431 2786 et
444 2718 481 2785 in
495 2717 618 2784 itinere
631 2715 780 2782 colonias
793 2705 1059 2808 Transpadanus
1075 2721 1174 2806 adiit,

12 2864 15 2870 ·
84 2845 171 2913 quae
193 2827 273 2920 post
293 2820 477 2890 Marsicum
497 2820 625 2888 bellum
646 2819 720 2887 iure
732 2818 828 2887 Latii
846 2822 1039 2912 impertitae
1055 2823 1096 2892 de
1112 2848 1173 2915 pe-

83 2926 187 2995 tenda
208 2926 346 2995 civitate
370 2925 558 3016 agitabant.
613 2923 746 2992 Herum
769 2934 914 3009 motum,
948 2950 1022 2996 cum
1043 2929 1174 3000 Caesar

83 3030 128 3099 ad
148 3053 207 3098 see
226 3030 391 3114 venisset,
422 3036 609 3098 metuentes
628 3030 784 3097 consules
806 3031 1017 3124 conscriptes
1032 3035 1068 3100 iu
1085 3033 1173 3103 Cili-

41 3150 44 3157 '
82 3137 170 3207 ciem
183 3136 333 3223 legiones
349 3136 524 3225 paulisper
535 3133 759 3202 retinuerunt.

138 3270 143 3292 ι
183 3239 355 3308 Reversus
373 3241 409 3306 in
430 3238 547 3307 urbem
570 3235 698 3305 Caesar
724 3237 974 3306 matrimonium
999 3237 1075 3305 iniit
1092 3259 1169 3304 cum

82 3341 264 3435 Pompeia,
291 3343 336 3432 Q.
350 3342 505 3433 Pompeii
518 3341 600 3409 Ruti
612 3347 648 3408 ct
662 3339 838 3411 Corneliae
857 3343 955 3412 Sulla
972 3346 1071 3408 natas
1087 3341 1171 3424 tilia,

83 3450 180 3518 cuius
201 3455 237 3517 ot
256 3456 356 3537 pater
369 3457 411 3516 et
431 3447 522 3537 patri
540 3446 746 3532 cognominis
766 3468 849 3515 avus
869 3449 958 3515 alter
974 3468 1037 3535 por
1052 3445 1169 3534 Sulpi·

83 3553 173 3623 cium
194 3553 367 3619 tribunum
386 3553 496 3642 plebis
516 3573 547 3619 a.
563 3548 779 3631 Dchv1.,
807 3551 895 3617 alter
916 3551 1065 3619 eiusdem
1082 3551 1169 3634 ,enni

82 3680 158 3729 curn
182 3656 278 3726 Sulla
301 3658 422 3723 consul
442 3678 508 3723 non
530 3654 636 3720 inscio
655 3677 715 3721 neo
742 3654 848 3722 inrito
874 3651 1028 3745 Pompeii
1056 3657 1169 3742 magui

19 3820 20 3825 ,
82 3770 182 3853 petre
207 3759 310 3829 occisi
328 3760 480 3841 fuerant,
508 3758 687 3847 ipsumque
705 3759 863 3844 Magnum
880 3759 1052 3826 evalentis
1072 3766 1107 3826 et
1123 3758 1168 3827 ad

81 3868 208 3937 bellum
232 3860 518 3942 Mithridaticum,
553 3860 644 3950 quod
677 3860 843 3930 Lucullus
868 3860 976 3930 adbuc
1003 3869 1169 3948 gesserat,

82 3969 250 4040 mittentis
273 3965 402 4033 tribuni
424 3966 535 4056 plebis
552 3965 593 4036 G.
608 3965 742 4034 Manilii
756 3966 825 4052 legi
841 3974 971 4034 tantum
985 3965 1167 4054 plaudente

78 4076 229 4169 populo,
262 4079 430 4162 quantum
446 4069 645 4140 adversante
664 4074 802 4138 senatus
825 4077 923 4162 parte
942 4073 1085 4140 maxime
1107 4095 1168 4162 pa-
