2572 4688
342 177 355 204 ὑ

399 268 504 345 nlo.
522 268 595 346 111.
637 267 807 346 ΒΑΜ
839 296 843 303 ·
876 286 891 325 ι’
1075 271 1144 343 23²
1180 318 1186 327 ·

56 478 167 552 noque
186 476 303 531 eornm
322 460 492 543 locorum,
518 459 578 528 ubi
599 460 726 535 bellurn
743 442 874 547 gestui
891 465 1024 542 errent,
1044 457 1143 541 rodo,

55 558 198 642 portule,
218 549 348 616 insulas
364 549 516 630 novisoe3
563 592 566 597 -
582 568 620 615 ac
635 552 734 634 longe
748 549 847 615 aliurn
863 570 939 617 ceso
955 552 1142 637 navigatio·
1161 557 1185 622 6

55 660 135 715 nem
147 640 186 705 in
197 638 354 706 conolooo
369 639 457 704 niori
471 644 573 724 atquo
586 636 624 703 in
639 637 832 704 vastissimo
846 643 946 726 atquo
961 639 1141 727 apertissi-¹

88 790 158 850 tioni
181 794 309 847 voluisse
330 792 464 858 suspicor.
498 790 743 846 Sed¹Graeciemo
757 791 801 844 lic
824 806 878 846 non
893 803 954 847 orat
971 797 1064 863 locur;
1088 812 1141 851 nec

87 864 268 929 probabiliter
291 863 360 913 ilud.
381 874 430 927 pro
456 876 540 928 quum
553 864 722 925 ocriptorern
744 874 865 929 nomque
887 867 995 917 dedisse
1014 867 1140 920 coniecit.
1172 910 1178 922 ,

87 936 206 997 Propius
224 946 242 986 a
257 943 324 983 vero
343 934 440 983 abesse
456 932 562 983 videtur
580 945 664 998 quom
684 945 733 987 eeu
750 945 815 982 cum
832 934 885 992 (ci.
903 935 965 987 odn.
979 937 1041 988 crit.
1059 939 1094 989 od
1110 941 1140 1005 2,

86 1007 125 1057 23
142 1001 218 1063 Μ)
236 1002 278 1053 cui
297 1001 478 1053 coniunctioni
494 1004 645 1052 succedens
662 1010 692 1052 ut
710 1001 738 1052 ln
755 1001 877 1053 oratioue
894 1004 1003 1067 obliquo
1019 1018 1140 1058 accura-

87 1074 166 1124 tione
183 1085 246 1123 com
263 1071 395 1121 infinitivo
413 1069 542 1121 librarios
559 1069 781 1131 iclellcrit3n1oi
797 1072 869 1124 torte
885 1085 940 1124 non
956 1076 1070 1144 imaro,
1088 1078 1139 1129 rad

87 1145 152 1195 tenc
176 1154 208 1190 ec
232 1140 374 1204 plurimun
398 1139 515 1190 naribus
539 1151 638 1207 posue,
667 1152 752 1205 cnon
769 1140 807 1191 lt.
824 1145 879 1193 otc.
896 1154 914 1192 a
930 1141 1051 1195 Caesare
1067 1147 1140 1198 ocri.

87 1214 172 1274 pion.
182 1218 242 1276 cst,
264 1210 334 1272 quod
352 1208 536 1259 similoensec
551 1209 720 1259 Terentiano
731 1211 800 1260 Eun.
812 1207 846 1276 4,
861 1211 895 1273 4,
912 1211 963 1263 51:
979 1212 1141 1281 Paruum

85 1280 137 1330 nio
152 1283 213 1331 tom
228 1279 289 1328 ocio
306 1290 369 1328 ecoe
382 1277 459 1329 bauo
476 1276 628 1345 troianum,-
652 1290 736 1343 quom
747 1291 796 1328 me
812 1280 923 1331 cium.
957 1282 989 1331 In
1006 1298 1037 1334 re
1058 1286 1139 1340 dubia

85 1350 232 1419 rodgerum
254 1346 399 1407 editionum
420 1352 532 1407 praeter
556 1347 610 1396 inc.
634 1348 751 1398 omnium
773 1348 935 1412 scripturam
960 1354 1051 1403 tenui=
1076 1360 1140 1418 port

86 1418 206 1469 nuoim
222 1417 341 1481 maiore,
366 1428 443 1479 quarn
461 1422 523 1477 post
536 1428 621 1479 poree
644 1416 858 1478 interpunctione
880 1431 949 1467 usuc
973 1433 1049 1490 anm,
1074 1426 1139 1486 quin

84 1488 171 1536 «ianr
196 1485 223 1536 in
248 1486 363 1549 vulgata
384 1487 453 1535 baec
470 1484 522 1535 duo
539 1484 609 1535 inter
626 1498 657 1535 oe
676 1485 765 1550 magio
786 1497 865 1548 quam
884 1500 943 1538 cum
962 1496 1138 1555 coquentibnr

80 1558 241 1608 cohaerent.
772 1593 775 1599 .
1117 1571 1119 1576 r

119 1625 220 1684 ullam]
246 1633 298 1673 orn.
316 1623 399 1682 Boon.
418 1624 453 1672 A.
470 1633 536 1673 am.
555 1635 595 1684 pr.
612 1634 670 1673 rec.
688 1620 759 1673 ilud.
775 1642 811 1659 -·
833 1623 877 1675 Pl.
893 1626 977 1676 tacet.

120 1690 148 1754 ς.
162 1694 189 1744 θ.
224 1690 252 1741 in
269 1692 411 1749 concluso]
434 1690 465 1741 in
478 1693 556 1742 cluso
569 1691 646 1742 Lcid.
659 1688 715 1740 Ao.
729 1694 757 1740 s.
782 1692 942 1744 intercluso
959 1697 1017 1746 cod.
1032 1696 1137 1752 l'urrir.

84 1759 118 1812 in
139 1761 300 1813 intercluso
322 1761 385 1810 Ald.
402 1772 488 1822 marg.
508 1761 587 1812 Goth.
606 1761 637 1809 Β.
655 1766 683 1810 et
699 1772 785 1824 marg.
801 1761 851 1814 tir.
868 1775 895 1814 a.
922 1765 996 1818 idern
1016 1762 1087 1818 ond.
1101 1782 1137 1820 cx

82 1831 129 1883 ed.
145 1832 209 1880 liae.
227 1829 321 1881 nescio
337 1842 391 1892 qua
408 1830 503 1879 refert.

117 1899 204 1960 oneri]
223 1899 388 1951 ratissimo
406 1897 484 1947 muri
500 1898 527 1946 S·
545 1897 614 1947 And.
631 1894 713 1948 Vind.
729 1899 764 1949 A.

119 1970 215 2032 atque]
241 1980 307 2019 am.
324 1980 348 2016 e.
365 1967 480 2017 deletum
498 1966 527 2016 in
543 1966 623 2015 Vrot.
639 1967 670 2015 B.
754 2006 759 2017 .

119 2036 165 2097 ln]
188 2048 240 2088 om.
258 2039 305 2088 llr.
324 2038 359 2085 A.
374 2035 453 2085 Vind.
470 2036 506 2085 Δ.
522 2035 619 2084 llamb.

119 2104 279 2157 vastissimo
301 2113 382 2168 atque
404 2102 591 2165 apertissimo]
619 2099 783 2155 castissimo
805 2101 889 2170 Bong.
912 2102 947 2156 A.
964 2108 1025 2160 cod.
1041 2109 1136 2178 scopi.

81 2186 142 2225 occ·
159 2176 265 2227 notun.
288 2172 472 2238 apertissimo
486 2174 555 2222 And.
569 2173 619 2222 01·
631 2173 713 2223 vind.
729 2174 787 2223 Ab.
801 2173 870 2225 liar.
886 2176 919 2224 A.
936 2178 1031 2234 [cuins
1045 2186 1135 2232 tanen

81 2243 114 2293 io
125 2256 160 2293 nr.
173 2256 191 2293 o
201 2258 239 2294 ru.
250 2256 290 2306 pr.
307 2242 466 2294 iustissimo
481 2253 529 2303 pro
546 2254 575 2288 v.
588 2242 607 2292 l.
623 2241 739 2303 positum
755 2244 812 2300 cst)
835 2255 894 2293 cum
911 2246 971 2294 edd.
987 2251 1134 2301 annover.

81 2306 227 2377 tancho
240 2312 316 2363 beid.
334 2314 368 2362 A.
386 2311 416 2361 in
428 2310 615 2376 paratissimo
629 2312 656 2358 S.
673 2313 749 2363 cusi.
762 2314 850 2377 utque
862 2315 1039 2378 amplissimo
1056 2319 1134 2370 carr.

75 2383 147 2448 ¹cod.
164 2381 268 2437 dorric.
290 2395 319 2432 u.
336 2382 424 2445 utque
441 2381 473 2431 iu
492 2382 596 2444 aperto
616 2380 696 2430 Vrat.
716 2379 747 2430 c.
771 2395 800 2432 u.
815 2384 903 2447 utque
917 2383 948 2433 in
961 2400 988 2435 u.
1009 2387 1089 2437 Goth.
1102 2390 1134 2438 B.

83 2451 170 2501 Dorv.
183 2459 212 2500 et
228 2484 246 2516 ,‚
256 2448 352 2501 alino“
370 2463 399 2500 o.
419 2452 449 2501 et
467 2462 493 2499 n.
512 2450 559 2498 llr.
571 2448 600 2497 B.
614 2448 695 2498 vind.
709 2448 740 2499 ll.
751 2463 793 2521 μ).
805 2462 842 2500 uc
855 2465 888 2502 c.
901 2455 1004 2515 „bisin
1025 2466 1053 2506 ot
1065 2459 1133 2510 Edd.
1225 2474 1231 2499 ι

83 2515 173 2582 qdd.“
188 2520 323 2584 Aldinae,
347 2518 395 2569 Gr.
415 2518 459 2568 ab.
476 2519 515 2566 st.
536 2519 614 2567 Turr.
628 2517 792 2568 Vniversanr
805 2519 883 2569 buius
901 2520 954 2569 loci
970 2523 1133 2579 varietatem

82 2587 270 2641 consideranti
289 2596 317 2638 et
336 2586 472 2638 initiorum
489 2592 569 2648 atque
588 2584 805 2639 terminationem
826 2587 1029 2641 similitudinem
1048 2606 1133 2656 repo.

81 2654 170 2723 nori,
186 2657 310 2725 'deniqne
328 2655 458 2706 rationem
477 2651 584 2705 babenti
605 2653 726 2703 codicum
746 2654 864 2714 ipsorum
879 2656 988 2708 dubium
1003 2673 1135 2714 essenon

81 2732 190 2789 potera,
211 2727 282 2789 quin.
294 2725 424 2789 vulgator
443 2724 609 2787 scripturae,
632 2734 702 2783 qnae
716 2722 777 2772 inde
791 2735 809 2772 a
822 2724 918 2787 Lipnio
930 2727 1060 2794 obtinuit,
1084 2743 1135 2781 ac·

82 2794 243 2859 quietum,
267 2807 345 2857 quarn
366 2805 427 2842 cum
447 2792 515 2843 ond.
536 2798 584 2841 ant
600 2790 765 2841 castissimo
778 2794 867 2856 atque
883 2802 931 2844 nni
943 2798 1033 2860 atque
1045 2811 1136 2862 uper-

84 2862 195 2915 dirriaro
208 2876 257 2925 pro
269 2862 396 2913 insiticiiu
410 2863 509 2913 bebere
523 2862 653 2921 praestet.
686 2860 819 2911 Ocacloei
832 2863 916 2913 marie
935 2877 1023 2927 neque
1046 2869 1135 2918 ambi-

81 2933 130 2989 tus
146 2939 240 2985 tamus
251 2944 338 2994 neque
351 2932 407 2982 tam
423 2929 539 2992 simplex
552 2930 581 2980 ot
596 2929 739 2981 uniformis
752 2930 842 2980 iacies
855 2943 919 2981 ecoe
931 2935 1010 2983 uolet.
1045 2937 1132 2991 ilecto

67 3000 168 3065 initur
179 3001 208 3057 ei
218 2999 399 3053 uariosimur
410 3002 497 3065 utqoc
510 2998 711 3062 apertissimus
728 3002 870 3063 opponitur
884 3001 1021 3053 oceanus.
1056 3007 1131 3067 ouo-

81 3081 143 3123 rorn
160 3071 306 3121 vorborum
323 3069 349 3121 ei
369 3077 459 3120 iernen
479 3075 592 3132 portem.
602 3067 726 3119 recidere
739 3080 807 3132 opus
822 3069 875 3137 eit,
900 3070 1023 3135 equidem
1037 3083 1130 3138 poete-

77 3138 152 3211 rlore
164 3138 295 3206 docilius,
312 3150 390 3206 quarn
403 3138 493 3203 priore
508 3135 650 3210 caruerim.
984 3143 993 3163 ⁸

97 3306 188 3359 nequa
200 3306 292 3347 eorum
300 3291 568 3349 locorum-novio·
610 3293 691 3356 pianr
702 3291 875 3346 intentionem
887 3292 972 3349 animi
986 3299 1129 3362 rerumn-

46 3362 93 3423 ro]
118 3364 195 3415 llaec
214 3364 263 3415 illa
279 3365 567 3427 iam-enpracomme-
609 3363 682 3412 tibus
704 3375 799 3425 parum
818 3366 963 3429 convenit,
993 3380 1074 3431 quarn
1094 3372 1131 3422 ad

46 3435 154 3485 nunti
165 3434 345 3485 Romanorum
363 3434 508 3484 incolentia
523 3435 567 3482 lo-
609 3433 743 3482 sentiendi
768 3434 882 3485 verbnm
900 3436 927 3484 in
947 3435 997 3486 illo
1015 3447 1130 3489 conten-

47 3504 143 3552 coroin
163 3505 221 3563 eut,
247 3503 453 3565 cuiusrepetita
466 3502 564 3553 mentio
608 3507 664 3550 tum
683 3507 712 3550 et
729 3511 874 3566 zeugmate
893 3505 983 3555 soluto
1003 3503 1065 3556 inde
1078 3519 1129 3570 pc-

44 3570 150 3621 nuliarn
162 3571 335 3622 offensionem
347 3573 443 3636 babet,
460 3572 485 3621 si
498 3583 565 3620 con·
608 3571 856 3628 tendumrrtulicce
868 3572 1000 3636 arbitror3
1015 3574 1069 3625 nisi
1080 3589 1129 3626 eor

45 3637 192 3690 iunctionis
204 3640 313 3691 vinculo
326 3641 417 3703 aliquo
430 3642 478 3706 ita,
495 3649 524 3689 ut
536 3640 565 3691 in
608 3650 721 3700 prorsus
733 3642 769 3691 ab
782 3639 831 3691 illo
841 3642 965 3704 reparari
976 3644 1005 3692 et
1014 3644 1129 3697 adidcrn
1187 3689 1190 3693 .

46 3708 109 3759 adn.
122 3708 184 3773 crit.
197 3709 298 3759 dictum
312 3720 369 3776 eet,
387 3721 459 3760 nexa
476 3708 565 3759 inisse
608 3707 742 3759 sentiendi
762 3710 877 3760 rcrburn
897 3712 927 3759 ut
949 3711 978 3761 in
1004 3713 1126 3765 oratione
1174 3729 1177 3733 ’

46 3768 187 3841 annullato
199 3791 231 3828 oe
243 3791 326 3841 posse
340 3780 367 3829 e't
378 3780 564 3829 Rornanos-
608 3776 715 3839 obliqua
729 3776 857 3828 omissum
869 3780 967 3831 referri
981 3781 1079 3832 voluit.
1205 3834 1208 3848 ¹

43 3846 161 3899 nouisse
174 3847 327 3897 statuimus.
360 3846 486 3898 Ceterum
502 3846 565 3896 inii-
659 3844 686 3905 S.
701 3848 727 3895 6.
761 3855 841 3910 atque
859 3846 888 3899 ln
908 3848 1067 3902 vastissimo
1081 3857 1127 3903 at-

43 3912 148 3966 nitivor
171 3929 272 3981 posce,
302 3914 435 3982 babere,·
451 3915 565 3967 novisse
607 3911 1025 3982 que]ci.7„12.quemsimra
1038 3921 1127 3986 atque

44 3983 208 4047 scriptorem
216 3986 333 4036 nontam
342 3986 377 4036 ad
386 3984 484 4050 iprum,
494 3986 566 4047 quod
607 3982 743 4048 oppidani
756 3989 972 4050 conspexerunt
988 3991 1078 4054 aloru
1093 3989 1127 4041 ia

42 4053 183 4119 munitur,
211 4054 323 4104 verbum
341 4052 565 4121 perspiciebant,
606 4064 686 4117 spem
710 4053 819 4104 condit
844 4058 999 4110 uenerunt.
1024 4067 1054 4109 ct
1072 4069 1127 4108 non

40 4122 123 4175 cuiue
151 4122 316 4188 significatio
343 4123 426 4175 robur
460 4124 565 4179 nullm
606 4123 691 4177 multo
720 4122 869 4177 maioribna
898 4125 1056 4180 nonulli·
1082 4135 1126 4179 ter
