2572 4688
102 262 206 374 'iei
393 293 465 365 on
492 293 677 377 netto
705 292 962 374 cituco

86 481 473 557 contestatorium
492 491 529 554 et
547 505 665 554 norem
680 487 793 573 miliat
855 486 1071 575 condensos,
1092 488 1230 563 Eburo·

140 596 222 657 nee,
244 573 448 656 coerceres,
469 570 667 657 Paemanoe,
688 576 747 663 qui
761 597 828 644 uuo
841 579 974 646 nomine
990 578 1154 649 Germani
1168 605 1230 675 ap-

139 662 326 753 pellantur,
348 661 508 730 arbitrari
525 661 568 729 ad
585 683 641 731 xa.
656 665 760 732 milia.

242 751 276 821 6.
311 746 439 821 Caesar
453 748 579 818 Remos
594 750 790 818 cohortatus
801 749 1056 841 liberaliterque
1071 754 1228 824 oratioue

164 841 341 907 roeocutus
358 858 485 904 omnem
499 845 653 906 senatum
667 836 710 907 cd
724 860 762 907 se
777 839 952 907 convenire
967 841 1158 932 principum

138 862 267 997 dihcros
287 922 423 993 obsides
435 922 489 1029 'ad
507 948 546 993 ee
569 922 692 993 adduci
712 923 827 995 iussit.
869 925 967 1015 Quae
988 929 1100 997 omnia
1113 865 1229 998 andi:

102 1014 322 1104 2diligenter
346 1010 390 1079 ad
410 1009 498 1079 duem
521 1013 614 1081 iacta
634 1020 727 1083 eunt.
798 1012 879 1103 lpse
900 1012 1111 1084 Divitiacum
1131 1016 1230 1086 Hae-

207 1174 302 1225 ‹lecenr
321 1174 350 1223 et
367 1173 480 1233 novem]
509 1171 593 1237 Bong.
606 1173 640 1224 ,1.
652 1171 734 1224 Vrec
746 1168 805 1223 Ac.
827 1181 853 1225 x
862 1171 894 1225 et
908 1184 979 1229 orm
995 1173 1079 1227 Voss.
1091 1175 1128 1226 ·.1.
1154 1189 1181 1231 x
1196 1177 1229 1230 et

172 1259 210 1300 rx
228 1242 483 1305 duonagouue.
497 1240 690 1293 li‚llonn.(iu.
717 1241 815 1293 decem
834 1255 936 1294 marm
953 1242 1037 1299 fictir.
1050 1244 1081 1293 ll.
1093 1244 1180 1297 vino.
1192 1247 1229 1298 Ι).

173 1315 289 1378 leonata
310 1323 407 1366 xvim
419 1312 466 1362 Dr.
480 1311 538 1362 AB.
549 1310 634 1362 vino.
646 1310 727 1362 1111.
738 1312 809 1362 Meo.
822 1323 850 1363 a.
863 1312 934 1362 ven.
947 1311 1006 1363 beu.
1030 1327 1091 1368 ιιι
1103 1313 1179 1365 liae.
1192 1317 1228 1365 Δ.

172 1376 244 1435 Veri.
257 1382 294 1429 ei.
306 1380 396 1442 steph.
410 1381 459 1430 Gr.
472 1380 499 1430 li·
514 1380 583 1429 ond.
604 1391 690 1433 xxix
702 1380 764 1431 Ald-
778 1382 831 1431 etc.
845 1382 909 1432 ante
924 1380 994 1433 ond.

142 1490 147 1501 .
207 1448 235 1512 S.
250 1452 291 1502 10.
327 1448 494 1509 coercesos]
516 1450 600 1512 Bong.
612 1450 734 1501 A.Vrat.
747 1451 783 1501 ll.
796 1449 874 1515 ligur.
894 1449 1033 1503 Cercetas
1047 1449 1229 1517 »11811111-

171 1519 249 1584 rique
262 1520 290 1569 et
303 1517 356 1569 inc.
366 1515 386 1548 ‘⁶
404 1519 477 1568 (icit.
492 1518 575 1569 Voss.
588 1519 623 1570 A.
637 1520 716 1570 Vrec.
730 1519 760 1569 B.
772 1518 856 1569 Bonu-
870 1518 948 1570 coto.
961 1521 997 1573 A.
1008 1517 1091 1569 vtro.
1104 1518 1137 1570 it.
1162 1520 1229 1573 llio-

170 1601 288 1641 crcesos
306 1587 402 1639 flama.
436 1586 571 1639 verteres
590 1587 650 1638 Pet.
671 1587 756 1651 Bong.
775 1588 805 1637 li.
819 1588 867 1638 llr.
878 1591 913 1639 A.
925 1589 988 1638 Ber.
1011 1587 1134 1639 cereces
1146 1590 1227 1642 Letoi.

170 1662 206 1711 Δ.
215 1656 268 1710 cu.
281 1657 363 1707 Vlud.
374 1658 410 1709 A.
433 1655 553 1708 dereses
570 1650 671 1722 „alll“
688 1659 737 1707 Dr.
749 1657 778 1706 ll.
791 1656 874 1708 Vico.
889 1658 921 1707 D.
934 1658 993 1708 edd.
1008 1658 1070 1707 rell.
1083 1659 1149 1711 anto
1161 1660 1227 1710 Alo.

172 1728 311 1780 coaretor
322 1726 371 1777 tir.
384 1725 428 1776 alt.
443 1727 534 1787 scopu.
546 1726 626 1777 Torr.
649 1724 817 1778 Caeroeslos
833 1726 916 1777 vind.
929 1726 962 1776 lo.
984 1725 1144 1779 Coeraesos
1160 1729 1225 1780 Alc.

171 1799 217 1851 ab.
232 1795 309 1858 lips.
322 1801 349 1844 et
362 1807 420 1858 sqq.
434 1794 495 1845 sinc
508 1793 681 1845 auctoritate.

206 1865 391 1931 appellantur]
414 1862 597 1928 appellentur
617 1864 711 1927 scapi„
736 1860 906 1913 Indicetlvue
924 1862 975 1913 icc
986 1860 1040 1915 lain
1054 1872 1108 1915 nou
1123 1863 1229 1915 liemo-

171 1945 233 1989 rum
252 1945 287 1983 ex
308 1944 373 1998 ore,
396 1933 446 1982 sed
463 1932 499 1982 ai>
518 1931 579 1996 ipso
593 1930 728 1994 scriptore
740 1929 878 1994 proticisci
890 1931 985 1999 occet,
1006 1929 1069 1998 qui,
1087 1933 1142 1983 etsi
1153 1935 1228 1983 hene

172 2013 231 2055 rem
250 1999 353 2065 pariter
366 2001 447 2063 atquo
459 2000 565 2066 reliqua
576 2000 679 2054 abillis
691 1999 860 2064 accepisset,
876 2007 970 2052 temen
982 1998 1011 2052 ln
1024 2003 1149 2054 extreme
1160 2013 1227 2053 ora-

170 2070 253 2125 tionis
273 2077 352 2134 parto
371 2069 449 2133 quasi
467 2071 557 2122 redire
578 2071 614 2123 au
628 2083 662 2121 se
677 2076 706 2120 et
719 2080 769 2121 euo
780 2069 886 2123 aomina
899 2067 1017 2140 aliquid,
1034 2071 1106 2135 quod
1117 2074 1229 2124 certum

169 2148 262 2210 cesti,
279 2140 464 2192 uemonstrsre
475 2141 590 2206 poterat

186 2295 214 2356 8.
227 2298 270 2347 1ο.
304 2294 445 2356 arbitrari]
472 2306 511 2344 sc.
532 2306 561 2345 se
579 2289 659 2344 Remi
699 2304 762 2346 cem
780 2294 868 2358 atoue
885 2287 1046 2346 amicitiam
1058 2293 1226 2359 promtum

137 2365 271 2418 dicebaut
313 2364 512 2428 videremini,
538 2363 585 2427 qul
604 2374 657 2414 uuo
698 2362 928 2414 liberaliter
947 2365 1111 2427 rsepondit.

136 2434 244 2487 nomine
256 2431 384 2483 Germani
399 2433 621 2499 appellabantur,
640 2445 658 2484 a
752 2444 856 2482 omnem
876 2438 1001 2482 senatum
1020 2435 1055 2485 sd
1074 2447 1106 2484 se
1117 2444 1226 2489 conve-

136 2506 281 2568 uersuum
301 2502 418 2554 concilio
437 2501 558 2565 afuisse,
580 2513 657 2552 eam·
700 2499 773 2562 nire]
798 2503 886 2562 Saepe
905 2500 1047 2553 Gallorum
1066 2504 1188 2555 senates
1205 2514 1224 2553 a

137 2586 189 2638 que
213 2574 247 2623 cl)
274 2583 385 2622 causam
408 2570 488 2622 Remi
507 2582 655 2638 numerum,
700 2569 821 2620 Caesare
836 2577 1093 2639 commemorentur,
1115 2571 1225 2636 qulubl

136 2655 215 2709 quoin
226 2639 339 2704 polliciti
350 2650 452 2706 essent,
465 2639 553 2691 minue
561 2640 657 2703 explo—
698 2639 809 2702 regibus
821 2638 907 2689 additi
918 2647 989 2707 suut,
1001 2640 1225 2703 quenadmodum

136 2721 226 2765 ratam
242 2707 377 2761 liaouisse.
504 2755 507 2760 ,
698 2705 728 2759 ln
742 2707 835 2758 Remis
848 2719 930 2758 unum
942 2720 1004 2759 cum
1016 2709 1223 2780 nordoultus,

187 2780 255 2844 Gap.
274 2781 300 2830 a.
327 2777 353 2838 S.
376 2780 401 2828 1.
451 2775 656 2840 liberaliterque
698 2788 810 2841 quorum
823 2787 872 2826 rex
886 2775 1056 2846 (lalbaeret,
1069 2779 1223 2843 magistra.

137 2851 258 2902 oratione
299 2848 474 2910 prosecutae]
528 2845 655 2898 Pluribus
699 2853 755 2897 tunt
775 2844 951 2912 habentibus,
972 2846 1092 2909 'regnum
1106 2861 1158 2911 per
1172 2862 1223 2900 ee-

136 2919 230 2969 verbis
250 2916 339 2983 iisque
362 2914 508 2968 amicitiem
524 2916 554 2964 et
569 2915 655 2964 bone·
698 2917 790 2965 netum
810 2918 985 2977 temperatum
998 2915 1087 2966 fuisse
1101 2928 1222 2968 consen-

136 2986 285 3040 volentiam
295 2983 655 3037 testantibusliabitumser-
698 2991 804 3034 tarcum
820 2992 874 3033 est.
908 2982 985 3036 Intra
998 2997 1025 3035 c.
1038 2984 1081 3036 28.
1098 2985 1223 3038 Nervio-

135 3069 241 3109 tnonem
260 3053 398 3115 significat
421 3052 464 3118 (tr
485 3050 555 3128 logie
575 3047 654 3115 iunco
697 3065 759 3104 runt
779 3061 919 3105 senatores
940 3046 1163 3107 sex'cautlluisee
1177 3056 1222 3107 di-

136 3115 553 3190 titiirtttttbiidtedttttbgdttgcd)
564 3128 657 3172 trans·
699 3129 803 3185 cuntur.
840 3120 873 3188 5,
891 3119 927 3173 54
947 3123 1080 3173 Senonum
1093 3127 1222 3177 sonuum

135 3196 237 3250 lotione
255 3207 275 3247 a
292 3206 406 3256 corporo
425 3200 453 3242 et
472 3191 600 3242 comitatu
621 3192 657 3242 ad
697 3204 802 3243 ornnem
814 3191 849 3243 ad
864 3204 895 3255 se
908 3191 1004 3242 venire
1016 3190 1091 3243 iubet
1104 3193 1221 3262 caesar,

136 3263 270 3330 enimam,
292 3262 339 3326 qui
358 3263 483 3312 lubenter
503 3259 586 3311 elicui
605 3261 655 3311 ad·
697 3261 742 3311 cui
762 3260 804 3310 illi
826 3258 898 3310 dieto
918 3258 1060 3311 audientes
1078 3274 1134 3313 non
1154 3264 1221 3315 tuc-

135 3342 182 3386 cst
205 3344 367 3395 operamque
390 3332 452 3395 dot,
481 3330 564 3380 iacta.
612 3328 654 3379 ci.
696 3335 768 3381 runt
804 3326 896 3380 Causa
908 3327 1017 3380 iubendi
1031 3333 1128 3382 eadem
1147 3335 1219 3399 eret,

136 3406 217 3465 atior.
238 3399 286 3451 152
317 3401 425 3452 caesar
442 3399 523 3448 mum
544 3397 655 3448 odior-
697 3411 765 3461 quae
778 3399 803 3446 h·
815 3397 853 3464 1.,
869 3401 899 3449 ut
911 3398 1047 3459 parituros
1059 3413 1091 3450 se
1104 3399 1222 3453 caesari

136 3472 218 3525 ictus
249 3472 337 3535 atque
368 3468 494 3521 omnious
521 3468 654 3519 laudibus
696 3467 870 3520 ostenderent
888 3474 916 3519 et
933 3467 1128 3519 obsidumlooo
1144 3472 1219 3535 apud

133 3541 317 3608 prosecutos.
342 3546 370 3589 et
389 3539 435 3603 qui
449 3545 512 3600 epte
526 3538 560 3588 ab
576 3537 654 3588 Her·
695 3543 871 3587 tumescent.
904 3536 982 3596 Quod
994 3545 1085 3590 autern
1098 3540 1124 3589 l.
1133 3538 1154 3589 i.
1168 3551 1218 3590 cos

135 3610 220 3678 sopio
233 3609 350 3659 collatus
361 3605 653 3659 atloouscicerssiu-
695 3606 851 3657 convenire
872 3606 906 3654 ed
926 3605 1065 3672 salutet,
1095 3608 1218 3660 tortasse

137 3680 206 3735 seul.
218 3680 253 3744 2,
269 3677 320 3743 25,
343 3676 390 3728 ubi
404 3675 547 3737 Pompeios
560 3684 654 3726 narret
695 3674 795 3727 iudicio
823 3675 866 3724 est
893 3684 947 3725 non
966 3673 995 3725 in
1012 3686 1066 3726 uno
1084 3676 1146 3730 loeo
1168 3690 1218 3729 eos

136 3749 171 3803 ue
184 3745 352 3811 Posidonio„
366 3759 443 3808 quarn
455 3753 485 3794 ut
497 3743 613 3794 vidisset
626 3746 655 3794 et
697 3745 877 3808 congregatos
884 3747 898 3810 ,'
910 3744 960 3793 seo
973 3743 1043 3796 elios
1056 3744 1124 3797 alibi
1137 3747 1218 3799 habi-

137 3815 318 3871 stlutavisset
339 3812 561 3880 imortpicisqae
583 3825 656 3865 uer·
697 3822 786 3865 cautes
797 3812 880 3862 certis
890 3813 1056 3876 temporibus
1068 3816 1218 3868 convenire

135 3885 179 3937 aa
192 3886 368 3950 protectrice
387 3887 462 3936 esset
481 3891 535 3932 otc.
569 3881 654 3933 Simul
695 3884 731 3935 ed
744 3881 857 3933 consilia
869 3884 1053 3933 consuevisse.

133 3954 284 4019 rcsplcitur
296 3954 378 4019 illud,
400 3954 470 4016 quod
483 3950 561 4002 lieni
575 3963 606 4000 ee
624 3951 653 4002 iu
746 3951 781 4002 ed
794 3950 878 4011 diem]
896 3950 978 4016 cl.5,
995 3954 1027 4002 1:
1043 3948 1154 4003 cusai·
1166 3950 1216 4002 ob-

133 4024 215 4074 tltiem
232 4023 324 4086 populi
339 4024 454 4073 Romani
473 4020 653 4083 permiserant
693 4017 769 4071 eides
788 4018 916 4082 imperat
932 4033 1035 4087 eosque
1048 4021 1087 4072 cd
1102 4025 1217 4073 certam

133 4093 244 4156 eiusque
261 4092 406 4144 amicitiani
418 4100 446 4140 et
458 4090 589 4141 auxilium
600 4101 650 4153 pe·
692 4088 767 4139 diem
774 4089 1012 4140 adduciiubet.-
1025 4090 1079 4141 Hie
1091 4093 1131 4142 od
1140 4091 1218 4144 diem

132 4161 262 4212 tiverone.
295 4160 340 4214 ct.
353 4159 388 4229 1,
406 4161 454 4215 18:
478 4159 577 4224 puicu
595 4171 650 4222 po-
690 4157 842 4227 odouciis,
865 4162 900 4212 ut
916 4159 1137 4231 imperauerat,
1160 4173 1216 4213 or-
