<?xml version="1.0" encoding="UTF-8"?>
<!DOCTYPE html PUBLIC "-//W3C//DTD XHTML 1.0 Transitional//EN"
    "http://www.w3.org/TR/xhtml1/DTD/xhtml1-transitional.dtd">
<html xmlns="http://www.w3.org/1999/xhtml" xml:lang="en" lang="en">
 <head>
  <title>
</title>
<meta http-equiv="Content-Type" content="text/html;charset=utf-8" />
  <meta name='ocr-system' content='tesseract 3.04.00' />
  <meta name='ocr-capabilities' content='ocr_page ocr_carea ocr_par ocr_line ocrx_word'/>
</head>
<body>
  <div class='ocr_page' id='page_1' title='image "./commentariidebe01schngoog_0109.png"; bbox 0 0 2572 4688; ppageno 0'>
   <div class='ocr_carea' id='block_1_1' title="bbox 144 258 961 358">
    <p class='ocr_par' dir='ltr' id='par_1_1' title="bbox 144 258 961 358">
     <span class='ocr_line' id='line_1_1' title="bbox 144 258 961 358; baseline -0.017 -14"><span class='ocrx_word' id='word_1_1' title='bbox 144 282 192 358; x_wconf 71' lang='grc'>18</span> <span class='ocrx_word' id='word_1_2' title='bbox 400 264 473 341; x_wconf 84' lang='lat' dir='ltr'>DB</span> <span class='ocrx_word' id='word_1_3' title='bbox 499 262 681 336; x_wconf 77' lang='lat' dir='ltr'>BELLO</span> <span class='ocrx_word' id='word_1_4' title='bbox 711 258 961 335; x_wconf 66' lang='lat' dir='ltr'>ethnico</span> 
     </span>
    </p>
   </div>
   <div class='ocr_carea' id='block_1_2' title="bbox 34 450 1232 1070">
    <p class='ocr_par' dir='ltr' id='par_1_2' title="bbox 52 450 1231 631">
     <span class='ocr_line' id='line_1_2' title="bbox 52 450 1230 543; baseline -0.012 -6"><span class='ocrx_word' id='word_1_5' title='bbox 52 532 56 537; x_wconf 89' lang='lat'>.</span> <span class='ocrx_word' id='word_1_6' title='bbox 146 488 246 543; x_wconf 67' lang='lat' dir='ltr'>cuum</span> <span class='ocrx_word' id='word_1_7' title='bbox 268 466 367 532; x_wconf 71' lang='lat' dir='ltr'>umis.</span> <span class='ocrx_word' id='word_1_8' title='bbox 383 459 519 538; x_wconf 85' lang='lat' dir='ltr'>eberat,</span> <span class='ocrx_word' id='word_1_9' title='bbox 543 457 596 523; x_wconf 85' lang='lat' dir='ltr'>usi</span> <span class='ocrx_word' id='word_1_10' title='bbox 615 453 855 523; x_wconf 75' lang='lat' dir='ltr'>frumentariae</span> <span class='ocrx_word' id='word_1_11' title='bbox 892 450 1144 542; x_wconf 81' lang='lat' dir='ltr'>cospiciendum</span> <span class='ocrx_word' id='word_1_12' title='bbox 1160 454 1230 523; x_wconf 85' lang='lat' dir='ltr'>exi·</span> 
     </span>
     <span class='ocr_line' id='line_1_3' title="bbox 104 542 1231 631; baseline -0.02 1"><span class='ocrx_word' id='word_1_13' title='bbox 104 562 110 605; x_wconf 89' lang='lat'>·&#39;</span> <span class='ocrx_word' id='word_1_14' title='bbox 118 568 121 573; x_wconf 82' lang='grc'><strong>’</strong></span> <span class='ocrx_word' id='word_1_15' title='bbox 147 548 317 631; x_wconf 68' lang='lat' dir='ltr'>semovit,</span> <span class='ocrx_word' id='word_1_16' title='bbox 345 551 412 615; x_wconf 90' lang='lat' dir='ltr'>iter</span> <span class='ocrx_word' id='word_1_17' title='bbox 427 547 472 612; x_wconf 89' lang='lat' dir='ltr'>ab</span> <span class='ocrx_word' id='word_1_18' title='bbox 486 544 654 614; x_wconf 84' lang='lat' dir='ltr'>Helvetiis</span> <span class='ocrx_word' id='word_1_19' title='bbox 670 542 794 610; x_wconf 86' lang='lat' dir='ltr'>evertit</span> <span class='ocrx_word' id='word_1_20' title='bbox 808 564 846 608; x_wconf 82' lang='lat' dir='ltr'>ec</span> <span class='ocrx_word' id='word_1_21' title='bbox 891 543 1018 616; x_wconf 83' lang='lat' dir='ltr'>ibraote</span> <span class='ocrx_word' id='word_1_22' title='bbox 1028 542 1080 609; x_wconf 84' lang='lat' dir='ltr'>ire</span> <span class='ocrx_word' id='word_1_23' title='bbox 1094 552 1231 611; x_wconf 69' lang='lat' dir='ltr'>contem</span> 
     </span>
    </p>

    <p class='ocr_par' dir='ltr' id='par_1_3' title="bbox 34 628 1232 1070">
     <span class='ocr_line' id='line_1_4' title="bbox 34 628 1232 724; baseline -0.022 -11"><span class='ocrx_word' id='word_1_24' title='bbox 34 696 36 701; x_wconf 85' lang='lat'>-</span> <span class='ocrx_word' id='word_1_25' title='bbox 104 648 214 717; x_wconf 73' lang='lat' dir='ltr'>edit.</span> <span class='ocrx_word' id='word_1_26' title='bbox 275 640 326 708; x_wconf 86' lang='lat' dir='ltr'>Ea</span> <span class='ocrx_word' id='word_1_27' title='bbox 343 657 401 703; x_wconf 88' lang='lat' dir='ltr'>res</span> <span class='ocrx_word' id='word_1_28' title='bbox 424 656 486 724; x_wconf 85' lang='lat' dir='ltr'>per</span> <span class='ocrx_word' id='word_1_29' title='bbox 507 633 665 723; x_wconf 74' lang='lat' dir='ltr'>fugitivos</span> <span class='ocrx_word' id='word_1_30' title='bbox 684 630 727 699; x_wconf 87' lang='lat' dir='ltr'>L.</span> <span class='ocrx_word' id='word_1_31' title='bbox 747 628 910 711; x_wconf 75' lang='lat' dir='ltr'>Aemilii,</span> <span class='ocrx_word' id='word_1_32' title='bbox 929 628 1123 697; x_wconf 83' lang='lat' dir='ltr'>decuribnis</span> <span class='ocrx_word' id='word_1_33' title='bbox 1135 632 1232 720; x_wconf 77' lang='lat' dir='ltr'>oqui..</span> 
     </span>
     <span class='ocr_line' id='line_1_5' title="bbox 104 715 1232 808; baseline -0.017 -5"><span class='ocrx_word' id='word_1_34' title='bbox 104 742 128 802; x_wconf 79' lang='lat'><strong>3</strong></span> <span class='ocrx_word' id='word_1_35' title='bbox 147 745 220 807; x_wconf 82' lang='lat' dir='ltr'>tum</span> <span class='ocrx_word' id='word_1_36' title='bbox 236 727 432 802; x_wconf 79' lang='lat' dir='ltr'><strong>Gallorum,</strong></span> <span class='ocrx_word' id='word_1_37' title='bbox 451 721 607 788; x_wconf 78' lang='lat' dir='ltr'>hostibus</span> <span class='ocrx_word' id='word_1_38' title='bbox 621 719 808 788; x_wconf 86' lang='lat' dir='ltr'>nuntiatur.</span> <span class='ocrx_word' id='word_1_39' title='bbox 851 715 1043 800; x_wconf 66' lang='lat' dir='ltr'>Helvetii,</span> <span class='ocrx_word' id='word_1_40' title='bbox 1055 740 1118 784; x_wconf 89' lang='lat' dir='ltr'>seu</span> <span class='ocrx_word' id='word_1_41' title='bbox 1137 716 1232 808; x_wconf 83' lang='lat' dir='ltr'>quod</span> 
     </span>
     <span class='ocr_line' id='line_1_6' title="bbox 146 803 1232 903; baseline -0.016 -12"><span class='ocrx_word' id='word_1_42' title='bbox 146 825 270 892; x_wconf 82' lang='lat' dir='ltr'>timone</span> <span class='ocrx_word' id='word_1_43' title='bbox 288 813 489 903; x_wconf 85' lang='lat' dir='ltr'>perterritos</span> <span class='ocrx_word' id='word_1_44' title='bbox 509 806 679 874; x_wconf 78' lang='lat' dir='ltr'>Romanos</span> <span class='ocrx_word' id='word_1_45' title='bbox 702 803 875 871; x_wconf 72' lang='lat' dir='ltr'>discedere</span> <span class='ocrx_word' id='word_1_46' title='bbox 893 827 914 870; x_wconf 86' lang='lat' dir='ltr'>e</span> <span class='ocrx_word' id='word_1_47' title='bbox 931 827 969 871; x_wconf 90' lang='lat' dir='ltr'>ee</span> <span class='ocrx_word' id='word_1_48' title='bbox 983 808 1232 890; x_wconf 72' lang='lat' dir='ltr'>existimarent,</span> 
     </span>
     <span class='ocr_line' id='line_1_7' title="bbox 143 893 1232 1070; baseline -0.016 -2"><span class='ocrx_word' id='word_1_49' title='bbox 143 894 580 1067; x_wconf 58' lang='lat' dir='ltr'>tetensteten</span> <span class='ocrx_word' id='word_1_50' title='bbox 595 893 1232 1070; x_wconf 53' lang='lat' dir='ltr'>sternutamentum</span> 
     </span>
    </p>

    <p class='ocr_par' dir='ltr' id='par_1_4' title="bbox 585 1021 1232 1064">
     <span class='ocr_line' id='line_1_8' title="bbox 585 1021 1232 1064; baseline -0.015 0"><span class='ocrx_word' id='word_1_51' title='bbox 585 1028 597 1064; x_wconf 79' lang='lat' dir='ltr'>a</span> <span class='ocrx_word' id='word_1_52' title='bbox 758 1026 769 1064; x_wconf 80' lang='lat' dir='ltr'>a</span> <span class='ocrx_word' id='word_1_53' title='bbox 1216 1021 1232 1039; x_wconf 89' lang='lat'>·</span> 
     </span>
    </p>
   </div>
   <div class='ocr_carea' id='block_1_3' title="bbox 77 1136 1240 2732">
    <p class='ocr_par' dir='ltr' id='par_1_5' title="bbox 110 1136 1232 1215">
     <span class='ocr_line' id='line_1_9' title="bbox 110 1136 1232 1215; baseline -0.014 -8"><span class='ocrx_word' id='word_1_54' title='bbox 110 1164 125 1207; x_wconf 86' lang='grc'>“.</span> <span class='ocrx_word' id='word_1_55' title='bbox 216 1151 283 1215; x_wconf 86' lang='lat' dir='ltr'>iter]</span> <span class='ocrx_word' id='word_1_56' title='bbox 311 1150 343 1201; x_wconf 89' lang='lat' dir='ltr'>et</span> <span class='ocrx_word' id='word_1_57' title='bbox 363 1145 424 1199; x_wconf 85' lang='lat' dir='ltr'>iter</span> <span class='ocrx_word' id='word_1_58' title='bbox 446 1144 530 1207; x_wconf 73' lang='lat' dir='ltr'>Boug.</span> <span class='ocrx_word' id='word_1_59' title='bbox 555 1139 586 1191; x_wconf 81' lang='grc'>0.</span> <span class='ocrx_word' id='word_1_60' title='bbox 610 1137 687 1192; x_wconf 81' lang='lat' dir='ltr'>Gerr.</span> <span class='ocrx_word' id='word_1_61' title='bbox 711 1139 815 1193; x_wconf 62' lang='grc' dir='ltr'>ΒΗ.</span> <span class='ocrx_word' id='word_1_62' title='bbox 833 1139 913 1191; x_wconf 80' lang='lat' dir='ltr'>vind.</span> <span class='ocrx_word' id='word_1_63' title='bbox 939 1136 971 1190; x_wconf 76' lang='grc'>0.</span> <span class='ocrx_word' id='word_1_64' title='bbox 988 1147 1016 1191; x_wconf 87' lang='lat' dir='ltr'>et</span> <span class='ocrx_word' id='word_1_65' title='bbox 1038 1153 1058 1194; x_wconf 82' lang='lat' dir='ltr'>e</span> <span class='ocrx_word' id='word_1_66' title='bbox 1072 1155 1157 1195; x_wconf 84' lang='lat' dir='ltr'>mauu</span> <span class='ocrx_word' id='word_1_67' title='bbox 1173 1155 1232 1196; x_wconf 82' lang='lat' dir='ltr'>sec.</span> 
     </span>
    </p>

    <p class='ocr_par' dir='ltr' id='par_1_6' title="bbox 182 1209 1233 1281">
     <span class='ocr_line' id='line_1_10' title="bbox 182 1209 1233 1281; baseline -0.015 -6"><span class='ocrx_word' id='word_1_68' title='bbox 182 1224 263 1277; x_wconf 73' lang='lat' dir='ltr'>Getis.</span> <span class='ocrx_word' id='word_1_69' title='bbox 281 1222 316 1275; x_wconf 79' lang='lat' dir='ltr'>A.</span> <span class='ocrx_word' id='word_1_70' title='bbox 332 1218 423 1277; x_wconf 85' lang='lat' dir='ltr'>stepb.</span> <span class='ocrx_word' id='word_1_71' title='bbox 442 1215 490 1263; x_wconf 78' lang='lat' dir='ltr'>Gr.</span> <span class='ocrx_word' id='word_1_72' title='bbox 507 1214 534 1263; x_wconf 89' lang='lat' dir='ltr'>b.</span> <span class='ocrx_word' id='word_1_73' title='bbox 550 1211 627 1272; x_wconf 80' lang='lat' dir='ltr'>Lips.</span> <span class='ocrx_word' id='word_1_74' title='bbox 644 1217 672 1260; x_wconf 83' lang='lat' dir='ltr'>et</span> <span class='ocrx_word' id='word_1_75' title='bbox 689 1218 763 1274; x_wconf 66' lang='lat' dir='ltr'>seqq</span> <span class='ocrx_word' id='word_1_76' title='bbox 780 1220 867 1273; x_wconf 82' lang='lat' dir='ltr'>usque</span> <span class='ocrx_word' id='word_1_77' title='bbox 883 1209 1020 1278; x_wconf 79' lang='lat' dir='ltr'>seond,</span> <span class='ocrx_word' id='word_1_78' title='bbox 1037 1212 1083 1275; x_wconf 86' lang='lat' dir='ltr'>qui</span> <span class='ocrx_word' id='word_1_79' title='bbox 1095 1215 1233 1281; x_wconf 66' lang='lat' dir='ltr'>copulem,</span> 
     </span>
    </p>

    <p class='ocr_par' dir='ltr' id='par_1_7' title="bbox 152 1277 1234 1359">
     <span class='ocr_line' id='line_1_11' title="bbox 152 1277 1234 1359; baseline -0.018 -14"><span class='ocrx_word' id='word_1_80' title='bbox 152 1282 265 1359; x_wconf 53' lang='lat' dir='ltr'>:quam</span> <span class='ocrx_word' id='word_1_81' title='bbox 289 1289 317 1338; x_wconf 92' lang='lat' dir='ltr'>iu</span> <span class='ocrx_word' id='word_1_82' title='bbox 340 1285 415 1337; x_wconf 90' lang='lat' dir='ltr'>nullo</span> <span class='ocrx_word' id='word_1_83' title='bbox 442 1294 549 1332; x_wconf 85' lang='lat' dir='ltr'>suorum</span> <span class='ocrx_word' id='word_1_84' title='bbox 572 1277 694 1329; x_wconf 85' lang='lat' dir='ltr'>codicum</span> <span class='ocrx_word' id='word_1_85' title='bbox 715 1278 880 1347; x_wconf 66' lang='lat' dir='ltr'>reperisset,</span> <span class='ocrx_word' id='word_1_86' title='bbox 902 1278 1013 1328; x_wconf 87' lang='lat' dir='ltr'>delevit.</span> <span class='ocrx_word' id='word_1_87' title='bbox 1052 1280 1122 1330; x_wconf 79' lang='lat' dir='ltr'>Eam</span> <span class='ocrx_word' id='word_1_88' title='bbox 1138 1290 1234 1346; x_wconf 65' lang='lat' dir='ltr'>aptam</span> 
     </span>
    </p>

    <p class='ocr_par' dir='ltr' id='par_1_8' title="bbox 181 1348 1236 1417">
     <span class='ocr_line' id='line_1_12' title="bbox 181 1348 1236 1417; baseline -0.018 -3"><span class='ocrx_word' id='word_1_89' title='bbox 181 1374 247 1414; x_wconf 84' lang='lat' dir='ltr'>esse</span> <span class='ocrx_word' id='word_1_90' title='bbox 262 1365 290 1409; x_wconf 90' lang='lat' dir='ltr'>et</span> <span class='ocrx_word' id='word_1_91' title='bbox 304 1353 441 1407; x_wconf 89' lang='lat' dir='ltr'>commode</span> <span class='ocrx_word' id='word_1_92' title='bbox 456 1348 557 1413; x_wconf 84' lang='lat' dir='ltr'>duplici</span> <span class='ocrx_word' id='word_1_93' title='bbox 568 1360 670 1399; x_wconf 83' lang='lat' dir='ltr'>causae</span> <span class='ocrx_word' id='word_1_94' title='bbox 683 1349 775 1400; x_wconf 84' lang='lat' dir='ltr'>verbis</span> <span class='ocrx_word' id='word_1_95' title='bbox 789 1349 1144 1414; x_wconf 81' lang='lat' dir='ltr'>quod-eupecernt-et</span> <span class='ocrx_word' id='word_1_96' title='bbox 1156 1350 1236 1417; x_wconf 58' lang='grc' dir='ltr'>φησι</span> 
     </span>
    </p>

    <p class='ocr_par' dir='ltr' id='par_1_9' title="bbox 151 1417 1234 1484">
     <span class='ocr_line' id='line_1_13' title="bbox 151 1417 1234 1484; baseline -0.005 -6"><span class='ocrx_word' id='word_1_97' title='bbox 151 1470 158 1478; x_wconf 95' lang='grc'><em>.</em></span> <span class='ocrx_word' id='word_1_98' title='bbox 185 1456 222 1471; x_wconf 92' lang='grc'>-</span> <span class='ocrx_word' id='word_1_99' title='bbox 234 1427 336 1482; x_wconf 82' lang='lat' dir='ltr'>aberat</span> <span class='ocrx_word' id='word_1_100' title='bbox 358 1424 567 1484; x_wconf 70' lang='lat' dir='ltr'>comprehensae</span> <span class='ocrx_word' id='word_1_101' title='bbox 590 1417 723 1480; x_wconf 81' lang='lat' dir='ltr'>duplicem</span> <span class='ocrx_word' id='word_1_102' title='bbox 741 1417 865 1469; x_wconf 71' lang='lat' dir='ltr'>aticum</span> <span class='ocrx_word' id='word_1_103' title='bbox 878 1439 914 1455; x_wconf 87' lang='lat'><em>-</em></span> <span class='ocrx_word' id='word_1_104' title='bbox 927 1419 1110 1471; x_wconf 77' lang='lat' dir='ltr'>euiatimoeit</span> <span class='ocrx_word' id='word_1_105' title='bbox 1126 1422 1157 1473; x_wconf 85' lang='lat' dir='ltr'>et</span> <span class='ocrx_word' id='word_1_106' title='bbox 1171 1421 1234 1473; x_wconf 81' lang='lat' dir='ltr'>iter</span> 
     </span>
    </p>

    <p class='ocr_par' dir='ltr' id='par_1_10' title="bbox 182 1484 1234 1555">
     <span class='ocr_line' id='line_1_14' title="bbox 182 1484 1234 1555; baseline -0.015 -4"><span class='ocrx_word' id='word_1_107' title='bbox 182 1527 220 1540; x_wconf 92' lang='lat'>-</span> <span class='ocrx_word' id='word_1_108' title='bbox 232 1495 345 1550; x_wconf 82' lang='lat' dir='ltr'>euertit</span> <span class='ocrx_word' id='word_1_109' title='bbox 366 1505 402 1543; x_wconf 85' lang='lat' dir='ltr'>ac</span> <span class='ocrx_word' id='word_1_110' title='bbox 415 1487 611 1540; x_wconf 82' lang='lat' dir='ltr'>-contendit</span> <span class='ocrx_word' id='word_1_111' title='bbox 632 1486 699 1537; x_wconf 84' lang='lat' dir='ltr'>item</span> <span class='ocrx_word' id='word_1_112' title='bbox 722 1487 894 1538; x_wconf 85' lang='lat' dir='ltr'>coniunctum</span> <span class='ocrx_word' id='word_1_113' title='bbox 917 1488 1023 1539; x_wconf 88' lang='lat' dir='ltr'>ednecti</span> <span class='ocrx_word' id='word_1_114' title='bbox 1046 1488 1108 1553; x_wconf 87' lang='lat' dir='ltr'>quis</span> <span class='ocrx_word' id='word_1_115' title='bbox 1127 1484 1234 1555; x_wconf 65' lang='lat' dir='ltr'>negent</span> 
     </span>
    </p>

    <p class='ocr_par' dir='ltr' id='par_1_11' title="bbox 182 1554 1236 1624">
     <span class='ocr_line' id='line_1_15' title="bbox 182 1554 1236 1624; baseline -0.017 -2"><span class='ocrx_word' id='word_1_116' title='bbox 182 1570 287 1622; x_wconf 71' lang='lat' dir='ltr'>namen</span> <span class='ocrx_word' id='word_1_117' title='bbox 302 1561 381 1617; x_wconf 89' lang='lat' dir='ltr'>huius</span> <span class='ocrx_word' id='word_1_118' title='bbox 398 1570 501 1624; x_wconf 85' lang='lat' dir='ltr'>quoque</span> <span class='ocrx_word' id='word_1_119' title='bbox 517 1555 626 1621; x_wconf 78' lang='lat' dir='ltr'>generis</span> <span class='ocrx_word' id='word_1_120' title='bbox 643 1559 779 1618; x_wconf 80' lang='lat' dir='ltr'>asyndeta</span> <span class='ocrx_word' id='word_1_121' title='bbox 792 1554 821 1606; x_wconf 87' lang='lat' dir='ltr'>in</span> <span class='ocrx_word' id='word_1_122' title='bbox 835 1556 877 1605; x_wconf 82' lang='lat' dir='ltr'>itis</span> <span class='ocrx_word' id='word_1_123' title='bbox 890 1558 1088 1609; x_wconf 84' lang='lat' dir='ltr'>commentariis</span> <span class='ocrx_word' id='word_1_124' title='bbox 1100 1560 1236 1612; x_wconf 64' lang='lat' dir='ltr'>nonnulla</span> 
     </span>
    </p>

    <p class='ocr_par' dir='ltr' id='par_1_12' title="bbox 156 1625 1236 1695">
     <span class='ocr_line' id='line_1_16' title="bbox 156 1625 1236 1695; baseline -0.019 -5"><span class='ocrx_word' id='word_1_125' title='bbox 156 1648 160 1653; x_wconf 86' lang='lat'>·</span> <span class='ocrx_word' id='word_1_126' title='bbox 181 1636 375 1695; x_wconf 84' lang='lat' dir='ltr'>inueniuntur,</span> <span class='ocrx_word' id='word_1_127' title='bbox 398 1630 476 1679; x_wconf 84' lang='lat' dir='ltr'>veiut</span> <span class='ocrx_word' id='word_1_128' title='bbox 489 1626 564 1677; x_wconf 84' lang='lat' dir='ltr'>inira</span> <span class='ocrx_word' id='word_1_129' title='bbox 582 1639 606 1675; x_wconf 84' lang='lat' dir='ltr'>e.</span> <span class='ocrx_word' id='word_1_130' title='bbox 621 1628 654 1676; x_wconf 77' lang='lat'>31</span> <span class='ocrx_word' id='word_1_131' title='bbox 671 1626 698 1687; x_wconf 77' lang='lat' dir='ltr'>s.</span> <span class='ocrx_word' id='word_1_132' title='bbox 711 1628 761 1678; x_wconf 85' lang='lat'>12:</span> <span class='ocrx_word' id='word_1_133' title='bbox 776 1625 957 1677; x_wconf 79' lang='lat' dir='ltr'>Ariovistum</span> <span class='ocrx_word' id='word_1_134' title='bbox 969 1627 1066 1678; x_wconf 82' lang='lat' dir='ltr'>autern</span> <span class='ocrx_word' id='word_1_135' title='bbox 1079 1650 1118 1663; x_wconf 90' lang='lat'>—</span> <span class='ocrx_word' id='word_1_136' title='bbox 1127 1640 1236 1694; x_wconf 69' lang='lat' dir='ltr'>cuper.</span> 
     </span>
    </p>

    <p class='ocr_par' dir='ltr' id='par_1_13' title="bbox 183 1695 1236 1760">
     <span class='ocr_line' id='line_1_17' title="bbox 183 1695 1236 1760; baseline -0.01 -2"><span class='ocrx_word' id='word_1_137' title='bbox 183 1707 217 1760; x_wconf 82' lang='lat' dir='ltr'>te</span> <span class='ocrx_word' id='word_1_138' title='bbox 241 1707 271 1757; x_wconf 84' lang='lat' dir='ltr'>ct</span> <span class='ocrx_word' id='word_1_139' title='bbox 291 1700 451 1753; x_wconf 76' lang='lat' dir='ltr'>crudeliter</span> <span class='ocrx_word' id='word_1_140' title='bbox 474 1695 638 1759; x_wconf 78' lang='lat' dir='ltr'>imperare,</span> <span class='ocrx_word' id='word_1_141' title='bbox 669 1696 777 1748; x_wconf 81' lang='lat' dir='ltr'>obsides</span> <span class='ocrx_word' id='word_1_142' title='bbox 790 1717 825 1731; x_wconf 91' lang='lat'><em>-</em></span> <span class='ocrx_word' id='word_1_143' title='bbox 837 1707 957 1759; x_wconf 80' lang='lat' dir='ltr'>poscere</span> <span class='ocrx_word' id='word_1_144' title='bbox 975 1697 1006 1746; x_wconf 85' lang='lat' dir='ltr'>ct</span> <span class='ocrx_word' id='word_1_145' title='bbox 1021 1696 1053 1746; x_wconf 88' lang='lat' dir='ltr'>in</span> <span class='ocrx_word' id='word_1_146' title='bbox 1069 1708 1119 1747; x_wconf 84' lang='lat' dir='ltr'>eos</span> <span class='ocrx_word' id='word_1_147' title='bbox 1136 1698 1236 1750; x_wconf 82' lang='lat' dir='ltr'>ontnta</span> 
     </span>
    </p>

    <p class='ocr_par' dir='ltr' id='par_1_14' title="bbox 151 1761 1235 1838">
     <span class='ocr_line' id='line_1_18' title="bbox 151 1761 1235 1838; baseline -0.019 -7"><span class='ocrx_word' id='word_1_148' title='bbox 151 1774 319 1838; x_wconf 58' lang='lat' dir='ltr'>:eotempio</span> <span class='ocrx_word' id='word_1_149' title='bbox 341 1767 547 1830; x_wconf 72' lang='lat' dir='ltr'>cruciatusque</span> <span class='ocrx_word' id='word_1_150' title='bbox 568 1766 664 1815; x_wconf 82' lang='lat' dir='ltr'>edere.</span> <span class='ocrx_word' id='word_1_151' title='bbox 704 1766 737 1829; x_wconf 82' lang='lat'>7,</span> <span class='ocrx_word' id='word_1_152' title='bbox 760 1761 812 1815; x_wconf 81' lang='lat' dir='ltr'>to:</span> <span class='ocrx_word' id='word_1_153' title='bbox 841 1764 954 1815; x_wconf 65' lang='lat' dir='ltr'>lineam</span> <span class='ocrx_word' id='word_1_154' title='bbox 976 1766 1235 1835; x_wconf 66' lang='lat' dir='ltr'>mecumtecum,</span> 
     </span>
    </p>

    <p class='ocr_par' dir='ltr' id='par_1_15' title="bbox 86 1830 1236 1979">
     <span class='ocr_line' id='line_1_19' title="bbox 86 1830 1236 1903; baseline -0.023 1"><span class='ocrx_word' id='word_1_155' title='bbox 86 1862 89 1874; x_wconf 93' lang='grc'><em>·</em></span> <span class='ocrx_word' id='word_1_156' title='bbox 155 1858 160 1901; x_wconf 76' lang='grc' dir='ltr'>ῑ</span> <span class='ocrx_word' id='word_1_157' title='bbox 181 1844 361 1901; x_wconf 76' lang='lat' dir='ltr'>deditionem</span> <span class='ocrx_word' id='word_1_158' title='bbox 376 1833 542 1903; x_wconf 75' lang='lat' dir='ltr'>siqniqiccre</span> <span class='ocrx_word' id='word_1_159' title='bbox 560 1837 590 1884; x_wconf 89' lang='lat' dir='ltr'>et</span> <span class='ocrx_word' id='word_1_160' title='bbox 604 1830 744 1897; x_wconf 83' lang='lat' dir='ltr'>proiectis</span> <span class='ocrx_word' id='word_1_161' title='bbox 761 1832 853 1885; x_wconf 78' lang='lat' dir='ltr'>armis</span> <span class='ocrx_word' id='word_1_162' title='bbox 870 1835 994 1887; x_wconf 81' lang='lat' dir='ltr'>mortem</span> <span class='ocrx_word' id='word_1_163' title='bbox 1009 1835 1166 1899; x_wconf 66' lang='lat' dir='ltr'>deprecare</span> <span class='ocrx_word' id='word_1_164' title='bbox 1186 1837 1236 1891; x_wconf 66' lang='lat' dir='ltr'>q„-</span> 
     </span>
     <span class='ocr_line' id='line_1_20' title="bbox 153 1901 827 1979; baseline -0.016 -17"><span class='ocrx_word' id='word_1_165' title='bbox 153 1913 308 1979; x_wconf 67' lang='lat' dir='ltr'>,tciptunt</span> <span class='ocrx_word' id='word_1_166' title='bbox 343 1907 386 1958; x_wconf 80' lang='lat' dir='ltr'>Gi.</span> <span class='ocrx_word' id='word_1_167' title='bbox 404 1906 440 1955; x_wconf 84' lang='lat' dir='ltr'>ib.</span> <span class='ocrx_word' id='word_1_168' title='bbox 458 1906 532 1954; x_wconf 70' lang='lat' dir='ltr'>ctis</span> <span class='ocrx_word' id='word_1_169' title='bbox 551 1901 608 1961; x_wconf 72' lang='lat'>§.8</span> <span class='ocrx_word' id='word_1_170' title='bbox 626 1909 653 1951; x_wconf 88' lang='lat' dir='ltr'>et</span> <span class='ocrx_word' id='word_1_171' title='bbox 669 1915 695 1951; x_wconf 90' lang='lat' dir='ltr'>c.</span> <span class='ocrx_word' id='word_1_172' title='bbox 708 1904 743 1953; x_wconf 87' lang='grc'>76</span> <span class='ocrx_word' id='word_1_173' title='bbox 760 1901 787 1961; x_wconf 76' lang='lat' dir='ltr'>S·</span> <span class='ocrx_word' id='word_1_174' title='bbox 802 1904 827 1952; x_wconf 86' lang='lat'>1.</span> 
     </span>
    </p>

    <p class='ocr_par' dir='ltr' id='par_1_16' title="bbox 151 1968 1235 2041">
     <span class='ocr_line' id='line_1_21' title="bbox 151 1968 1235 2041; baseline -0.013 -13"><span class='ocrx_word' id='word_1_175' title='bbox 151 2016 167 2028; x_wconf 87' lang='lat'><em>.</em></span> <span class='ocrx_word' id='word_1_176' title='bbox 220 1982 249 2041; x_wconf 78' lang='lat' dir='ltr'>s.</span> <span class='ocrx_word' id='word_1_177' title='bbox 267 1984 294 2030; x_wconf 80' lang='lat'>³.</span> <span class='ocrx_word' id='word_1_178' title='bbox 335 1971 548 2029; x_wconf 79' lang='lat' dir='ltr'>commisissent]</span> <span class='ocrx_word' id='word_1_179' title='bbox 577 1970 795 2022; x_wconf 77' lang='lat' dir='ltr'>commovissent</span> <span class='ocrx_word' id='word_1_180' title='bbox 819 1970 891 2020; x_wconf 80' lang='lat' dir='ltr'>And·</span> <span class='ocrx_word' id='word_1_181' title='bbox 915 1968 967 2021; x_wconf 82' lang='lat'>01.</span> <span class='ocrx_word' id='word_1_182' title='bbox 988 1970 1071 2034; x_wconf 78' lang='lat' dir='ltr'>Bong.</span> <span class='ocrx_word' id='word_1_183' title='bbox 1088 1970 1120 2022; x_wconf 87' lang='lat' dir='ltr'>c.</span> <span class='ocrx_word' id='word_1_184' title='bbox 1137 1973 1187 2026; x_wconf 74' lang='lat' dir='ltr'>Dp.</span> <span class='ocrx_word' id='word_1_185' title='bbox 1203 1974 1235 2024; x_wconf 77' lang='grc' dir='ltr'>Β,</span> 
     </span>
    </p>

    <p class='ocr_par' dir='ltr' id='par_1_17' title="bbox 151 2030 1237 2104">
     <span class='ocr_line' id='line_1_22' title="bbox 151 2030 1237 2104; baseline -0.017 0"><span class='ocrx_word' id='word_1_186' title='bbox 151 2064 173 2097; x_wconf 82' lang='lat'>-·</span> <span class='ocrx_word' id='word_1_187' title='bbox 186 2044 272 2104; x_wconf 67' lang='lat' dir='ltr'>vind.</span> <span class='ocrx_word' id='word_1_188' title='bbox 294 2046 326 2097; x_wconf 72' lang='lat' dir='ltr'>F·</span> <span class='ocrx_word' id='word_1_189' title='bbox 353 2043 420 2095; x_wconf 79' lang='lat' dir='ltr'>oud.</span> <span class='ocrx_word' id='word_1_190' title='bbox 435 2044 468 2104; x_wconf 88' lang='grc'>2,</span> <span class='ocrx_word' id='word_1_191' title='bbox 499 2050 577 2102; x_wconf 88' lang='lat' dir='ltr'>quem</span> <span class='ocrx_word' id='word_1_192' title='bbox 599 2040 742 2101; x_wconf 88' lang='lat' dir='ltr'>praecipue</span> <span class='ocrx_word' id='word_1_193' title='bbox 758 2040 879 2091; x_wconf 83' lang='lat' dir='ltr'>movisse</span> <span class='ocrx_word' id='word_1_194' title='bbox 895 2039 1004 2091; x_wconf 86' lang='lat' dir='ltr'>videtur</span> <span class='ocrx_word' id='word_1_195' title='bbox 1019 2030 1099 2091; x_wconf 76' lang='lat' dir='ltr'>locus</span> <span class='ocrx_word' id='word_1_196' title='bbox 1116 2043 1237 2104; x_wconf 64' lang='lat' dir='ltr'>oman.</span> 
     </span>
    </p>

    <p class='ocr_par' dir='ltr' id='par_1_18' title="bbox 153 2108 1236 2185">
     <span class='ocr_line' id='line_1_23' title="bbox 153 2108 1236 2185; baseline -0.014 -12"><span class='ocrx_word' id='word_1_197' title='bbox 153 2156 164 2163; x_wconf 82' lang='grc'><strong>-</strong></span> <span class='ocrx_word' id='word_1_198' title='bbox 187 2119 260 2185; x_wconf 71' lang='lat' dir='ltr'>gerit</span> <span class='ocrx_word' id='word_1_199' title='bbox 284 2115 358 2179; x_wconf 79' lang='lat' dir='ltr'>apud</span> <span class='ocrx_word' id='word_1_200' title='bbox 380 2109 499 2161; x_wconf 69' lang='lat' dir='ltr'>Gellium</span> <span class='ocrx_word' id='word_1_201' title='bbox 518 2111 551 2163; x_wconf 80' lang='lat'>9,</span> <span class='ocrx_word' id='word_1_202' title='bbox 576 2109 625 2157; x_wconf 80' lang='lat'>1³:</span> <span class='ocrx_word' id='word_1_203' title='bbox 653 2108 679 2158; x_wconf 83' lang='lat' dir='ltr'>ic</span> <span class='ocrx_word' id='word_1_204' title='bbox 702 2110 826 2160; x_wconf 76' lang='lat' dir='ltr'>menime</span> <span class='ocrx_word' id='word_1_205' title='bbox 845 2109 958 2173; x_wconf 84' lang='lat' dir='ltr'>proelio</span> <span class='ocrx_word' id='word_1_206' title='bbox 979 2111 1120 2162; x_wconf 81' lang='lat' dir='ltr'>commoto</span> <span class='ocrx_word' id='word_1_207' title='bbox 1146 2114 1236 2180; x_wconf 69' lang='lat' dir='ltr'>atqcue</span> 
     </span>
    </p>

    <p class='ocr_par' dir='ltr' id='par_1_19' title="bbox 152 2175 1237 2251">
     <span class='ocr_line' id='line_1_24' title="bbox 152 2175 1237 2251; baseline -0.012 -7"><span class='ocrx_word' id='word_1_208' title='bbox 152 2216 160 2243; x_wconf 92' lang='lat'>·.</span> <span class='ocrx_word' id='word_1_209' title='bbox 184 2188 321 2251; x_wconf 80' lang='lat' dir='ltr'>utrisque</span> <span class='ocrx_word' id='word_1_210' title='bbox 348 2191 457 2232; x_wconf 85' lang='lat' dir='ltr'>summo</span> <span class='ocrx_word' id='word_1_211' title='bbox 484 2175 581 2228; x_wconf 82' lang='lat' dir='ltr'>studio</span> <span class='ocrx_word' id='word_1_212' title='bbox 605 2178 798 2243; x_wconf 79' lang='lat' dir='ltr'>puqnontibue</span> <span class='ocrx_word' id='word_1_213' title='bbox 828 2191 916 2229; x_wconf 82' lang='lat' dir='ltr'>manu</span> <span class='ocrx_word' id='word_1_214' title='bbox 940 2177 1105 2244; x_wconf 72' lang='lat' dir='ltr'>siqniqicare</span> <span class='ocrx_word' id='word_1_215' title='bbox 1131 2183 1237 2250; x_wconf 79' lang='lat' dir='ltr'>coepit,</span> 
     </span>
    </p>

    <p class='ocr_par' dir='ltr' id='par_1_20' title="bbox 154 2248 1239 2321">
     <span class='ocr_line' id='line_1_25' title="bbox 154 2248 1239 2321; baseline -0.002 -16"><span class='ocrx_word' id='word_1_216' title='bbox 154 2298 161 2305; x_wconf 96' lang='lat'>.</span> <span class='ocrx_word' id='word_1_217' title='bbox 185 2257 328 2321; x_wconf 81' lang='lat' dir='ltr'>utrinque</span> <span class='ocrx_word' id='word_1_218' title='bbox 346 2248 528 2316; x_wconf 76' lang='lat' dir='ltr'>quiescerent</span> <span class='ocrx_word' id='word_1_219' title='bbox 542 2258 666 2311; x_wconf 82' lang='lat' dir='ltr'>puqnae.</span> <span class='ocrx_word' id='word_1_220' title='bbox 700 2249 785 2309; x_wconf 75' lang='lat' dir='ltr'>Quem</span> <span class='ocrx_word' id='word_1_221' title='bbox 802 2249 889 2299; x_wconf 88' lang='lat' dir='ltr'>iocum</span> <span class='ocrx_word' id='word_1_222' title='bbox 907 2248 935 2297; x_wconf 91' lang='lat' dir='ltr'>iu</span> <span class='ocrx_word' id='word_1_223' title='bbox 952 2248 1082 2298; x_wconf 78' lang='lat' dir='ltr'>addendis</span> <span class='ocrx_word' id='word_1_224' title='bbox 1098 2248 1172 2302; x_wconf 74' lang='lat' dir='ltr'>edi</span> <span class='ocrx_word' id='word_1_225' title='bbox 1195 2251 1239 2303; x_wconf 89' lang='lat' dir='ltr'>ei-</span> 
     </span>
    </p>

    <p class='ocr_par' dir='ltr' id='par_1_21' title="bbox 155 2314 1239 2389">
     <span class='ocr_line' id='line_1_26' title="bbox 155 2314 1239 2389; baseline -0.018 -1"><span class='ocrx_word' id='word_1_226' title='bbox 155 2331 251 2389; x_wconf 62' lang='lat' dir='ltr'>ciens</span> <span class='ocrx_word' id='word_1_227' title='bbox 273 2333 378 2375; x_wconf 76' lang='lat' dir='ltr'>comme</span> <span class='ocrx_word' id='word_1_228' title='bbox 391 2319 464 2382; x_wconf 65' lang='lat' dir='ltr'>nou</span> <span class='ocrx_word' id='word_1_229' title='bbox 482 2314 609 2367; x_wconf 69' lang='lat' dir='ltr'>meme</span> <span class='ocrx_word' id='word_1_230' title='bbox 624 2314 713 2383; x_wconf 77' lang='lat' dir='ltr'>ponit,</span> <span class='ocrx_word' id='word_1_231' title='bbox 735 2329 797 2369; x_wconf 84' lang='lat' dir='ltr'>cun</span> <span class='ocrx_word' id='word_1_232' title='bbox 812 2317 937 2369; x_wconf 71' lang='lat' dir='ltr'>mnne</span> <span class='ocrx_word' id='word_1_233' title='bbox 954 2318 989 2368; x_wconf 81' lang='lat' dir='ltr'>cr</span> <span class='ocrx_word' id='word_1_234' title='bbox 1005 2319 1145 2370; x_wconf 78' lang='lat' dir='ltr'>commoto</span> <span class='ocrx_word' id='word_1_235' title='bbox 1160 2321 1239 2370; x_wconf 76' lang='lat' dir='ltr'>reee-</span> 
     </span>
    </p>

    <p class='ocr_par' dir='ltr' id='par_1_22' title="bbox 186 2386 1239 2451">
     <span class='ocr_line' id='line_1_27' title="bbox 186 2386 1239 2451; baseline -0.018 -3"><span class='ocrx_word' id='word_1_236' title='bbox 186 2394 301 2449; x_wconf 82' lang='lat' dir='ltr'>rendum</span> <span class='ocrx_word' id='word_1_237' title='bbox 318 2398 345 2440; x_wconf 87' lang='lat' dir='ltr'>ee</span> <span class='ocrx_word' id='word_1_238' title='bbox 362 2389 412 2437; x_wconf 86' lang='lat' dir='ltr'>hoc</span> <span class='ocrx_word' id='word_1_239' title='bbox 429 2397 479 2450; x_wconf 85' lang='lat' dir='ltr'>pro</span> <span class='ocrx_word' id='word_1_240' title='bbox 497 2387 629 2442; x_wconf 65' lang='lat' dir='ltr'>flectente</span> <span class='ocrx_word' id='word_1_241' title='bbox 647 2397 695 2435; x_wconf 88' lang='lat' dir='ltr'>seu</span> <span class='ocrx_word' id='word_1_242' title='bbox 711 2387 824 2437; x_wconf 81' lang='lat' dir='ltr'>ardente</span> <span class='ocrx_word' id='word_1_243' title='bbox 836 2387 937 2437; x_wconf 77' lang='lat' dir='ltr'>dictrrm</span> <span class='ocrx_word' id='word_1_244' title='bbox 950 2386 996 2436; x_wconf 88' lang='lat' dir='ltr'>sit.</span> <span class='ocrx_word' id='word_1_245' title='bbox 1031 2388 1124 2451; x_wconf 74' lang='lat' dir='ltr'>Neque</span> <span class='ocrx_word' id='word_1_246' title='bbox 1136 2388 1239 2441; x_wconf 64' lang='lat' dir='ltr'>rmum</span> 
     </span>
    </p>

    <p class='ocr_par' dir='ltr' id='par_1_23' title="bbox 77 2453 1239 2523">
     <span class='ocr_line' id='line_1_28' title="bbox 77 2453 1239 2523; baseline -0.015 2"><span class='ocrx_word' id='word_1_247' title='bbox 77 2485 81 2493; x_wconf 61' lang='lat'><strong><em>⁴</em></strong></span> <span class='ocrx_word' id='word_1_248' title='bbox 154 2492 160 2517; x_wconf 68' lang='grc' dir='ltr'>ι</span> <span class='ocrx_word' id='word_1_249' title='bbox 187 2470 386 2523; x_wconf 81' lang='lat' dir='ltr'>commovere,</span> <span class='ocrx_word' id='word_1_250' title='bbox 409 2457 479 2518; x_wconf 81' lang='lat' dir='ltr'>quoe</span> <span class='ocrx_word' id='word_1_251' title='bbox 496 2467 514 2506; x_wconf 82' lang='lat' dir='ltr'>o</span> <span class='ocrx_word' id='word_1_252' title='bbox 528 2453 659 2503; x_wconf 76' lang='lat' dir='ltr'>Cicerone</span> <span class='ocrx_word' id='word_1_253' title='bbox 675 2457 793 2518; x_wconf 80' lang='lat' dir='ltr'>positum</span> <span class='ocrx_word' id='word_1_254' title='bbox 809 2456 879 2507; x_wconf 79' lang='lat' dir='ltr'>icem</span> <span class='ocrx_word' id='word_1_255' title='bbox 896 2457 963 2507; x_wconf 80' lang='lat' dir='ltr'>ond.</span> <span class='ocrx_word' id='word_1_256' title='bbox 978 2456 1105 2523; x_wconf 81' lang='lat' dir='ltr'>adhibet,</span> <span class='ocrx_word' id='word_1_257' title='bbox 1129 2464 1173 2507; x_wconf 82' lang='lat' dir='ltr'>ese</span> <span class='ocrx_word' id='word_1_258' title='bbox 1186 2472 1239 2522; x_wconf 80' lang='lat' dir='ltr'>ge-</span> 
     </span>
    </p>

    <p class='ocr_par' dir='ltr' id='par_1_24' title="bbox 155 2522 1238 2594">
     <span class='ocr_line' id='line_1_29' title="bbox 155 2522 1238 2594; baseline -0.007 -17"><span class='ocrx_word' id='word_1_259' title='bbox 155 2564 160 2577; x_wconf 94' lang='lat'><em>.</em></span> <span class='ocrx_word' id='word_1_260' title='bbox 187 2544 253 2586; x_wconf 87' lang='lat' dir='ltr'>rere</span> <span class='ocrx_word' id='word_1_261' title='bbox 275 2537 323 2583; x_wconf 88' lang='lat' dir='ltr'>aut</span> <span class='ocrx_word' id='word_1_262' title='bbox 346 2524 466 2587; x_wconf 88' lang='lat' dir='ltr'>incipere</span> <span class='ocrx_word' id='word_1_263' title='bbox 489 2524 604 2585; x_wconf 82' lang='lat' dir='ltr'>beilum,</span> <span class='ocrx_word' id='word_1_264' title='bbox 635 2525 684 2574; x_wconf 89' lang='lat' dir='ltr'>sed</span> <span class='ocrx_word' id='word_1_265' title='bbox 707 2526 798 2577; x_wconf 85' lang='lat' dir='ltr'>dedito</span> <span class='ocrx_word' id='word_1_266' title='bbox 821 2536 905 2586; x_wconf 87' lang='lat' dir='ltr'>opera</span> <span class='ocrx_word' id='word_1_267' title='bbox 928 2525 1080 2591; x_wconf 88' lang='lat' dir='ltr'>suscitare,</span> <span class='ocrx_word' id='word_1_268' title='bbox 1103 2522 1238 2594; x_wconf 60' lang='lat' dir='ltr'>iustificu-</span> 
     </span>
    </p>

    <p class='ocr_par' dir='ltr' id='par_1_25' title="bbox 156 2591 1240 2664">
     <span class='ocr_line' id='line_1_30' title="bbox 156 2591 1240 2664; baseline -0.017 -10"><span class='ocrx_word' id='word_1_269' title='bbox 156 2648 170 2661; x_wconf 83' lang='grc'>,,</span> <span class='ocrx_word' id='word_1_270' title='bbox 187 2605 267 2664; x_wconf 73' lang='lat' dir='ltr'>occe</span> <span class='ocrx_word' id='word_1_271' title='bbox 290 2610 358 2650; x_wconf 85' lang='lat' dir='ltr'>vero</span> <span class='ocrx_word' id='word_1_272' title='bbox 383 2592 560 2651; x_wconf 74' lang='lat' dir='ltr'>Menckenius</span> <span class='ocrx_word' id='word_1_273' title='bbox 583 2591 649 2642; x_wconf 84' lang='lat' dir='ltr'>obs.</span> <span class='ocrx_word' id='word_1_274' title='bbox 671 2607 697 2656; x_wconf 87' lang='lat' dir='ltr'>p.</span> <span class='ocrx_word' id='word_1_275' title='bbox 712 2596 764 2645; x_wconf 82' lang='grc'>132</span> <span class='ocrx_word' id='word_1_276' title='bbox 787 2594 882 2655; x_wconf 72' lang='lat' dir='ltr'>affert,</span> <span class='ocrx_word' id='word_1_277' title='bbox 915 2596 1011 2656; x_wconf 82' lang='lat' dir='ltr'>quibus</span> <span class='ocrx_word' id='word_1_278' title='bbox 1028 2596 1126 2657; x_wconf 67' lang='lat' dir='ltr'>pronae</span> <span class='ocrx_word' id='word_1_279' title='bbox 1149 2609 1240 2664; x_wconf 59' lang='lat' dir='ltr'>„epm</span> 
     </span>
    </p>

    <p class='ocr_par' dir='ltr' id='par_1_26' title="bbox 189 2662 1240 2732">
     <span class='ocr_line' id='line_1_31' title="bbox 189 2662 1240 2732; baseline -0.008 -9"><span class='ocrx_word' id='word_1_280' title='bbox 189 2682 254 2723; x_wconf 85' lang='lat' dir='ltr'>esse</span> <span class='ocrx_word' id='word_1_281' title='bbox 271 2667 349 2719; x_wconf 87' lang='lat' dir='ltr'>buius</span> <span class='ocrx_word' id='word_1_282' title='bbox 365 2663 445 2714; x_wconf 84' lang='lat' dir='ltr'>verbi</span> <span class='ocrx_word' id='word_1_283' title='bbox 461 2662 537 2730; x_wconf 86' lang='lat' dir='ltr'>vim,</span> <span class='ocrx_word' id='word_1_284' title='bbox 559 2668 679 2727; x_wconf 84' lang='lat' dir='ltr'>utrem,</span> <span class='ocrx_word' id='word_1_285' title='bbox 701 2675 771 2728; x_wconf 84' lang='lat' dir='ltr'>quae</span> <span class='ocrx_word' id='word_1_286' title='bbox 788 2675 922 2727; x_wconf 75' lang='lat' dir='ltr'>nunquam</span> <span class='ocrx_word' id='word_1_287' title='bbox 937 2664 1005 2732; x_wconf 81' lang='lat' dir='ltr'>tuit,</span> <span class='ocrx_word' id='word_1_288' title='bbox 1028 2664 1167 2730; x_wconf 80' lang='lat' dir='ltr'>excitare,</span> <span class='ocrx_word' id='word_1_289' title='bbox 1190 2673 1240 2719; x_wconf 77' lang='lat' dir='ltr'>aut</span> 
     </span>
    </p>
   </div>
   <div class='ocr_carea' id='block_1_4' title="bbox 155 2815 1247 4198">
    <p class='ocr_par' dir='ltr' id='par_1_27' title="bbox 155 2815 1247 4198">
     <span class='ocr_line' id='line_1_32' title="bbox 156 2815 1240 2888; baseline -0.009 -6"><span class='ocrx_word' id='word_1_290' title='bbox 156 2827 194 2883; x_wconf 76' lang='lat' dir='ltr'>ab</span> <span class='ocrx_word' id='word_1_291' title='bbox 211 2824 255 2878; x_wconf 83' lang='lat' dir='ltr'>itte</span> <span class='ocrx_word' id='word_1_292' title='bbox 275 2819 383 2888; x_wconf 78' lang='lat' dir='ltr'>copiis,</span> <span class='ocrx_word' id='word_1_293' title='bbox 404 2832 477 2887; x_wconf 76' lang='lat' dir='ltr'>quoe</span> <span class='ocrx_word' id='word_1_294' title='bbox 496 2815 679 2880; x_wconf 77' lang='lat' dir='ltr'>bqrrnacttt</span> <span class='ocrx_word' id='word_1_295' title='bbox 720 2820 827 2872; x_wconf 84' lang='lat' dir='ltr'>domum</span> <span class='ocrx_word' id='word_1_296' title='bbox 847 2831 925 2873; x_wconf 82' lang='lat' dir='ltr'>suam</span> <span class='ocrx_word' id='word_1_297' title='bbox 944 2818 1075 2872; x_wconf 85' lang='lat' dir='ltr'>redeundi</span> <span class='ocrx_word' id='word_1_298' title='bbox 1094 2819 1240 2873; x_wconf 86' lang='lat' dir='ltr'>consilium</span> 
     </span>
     <span class='ocr_line' id='line_1_33' title="bbox 155 2888 1241 2963; baseline -0.006 -13"><span class='ocrx_word' id='word_1_299' title='bbox 155 2893 393 2963; x_wconf 77' lang='lat' dir='ltr'>comparaverat.</span> <span class='ocrx_word' id='word_1_300' title='bbox 426 2889 678 2952; x_wconf 78' lang='lat' dir='ltr'>quaequaIestue-</span> <span class='ocrx_word' id='word_1_301' title='bbox 720 2888 763 2939; x_wconf 88' lang='lat' dir='ltr'>eis</span> <span class='ocrx_word' id='word_1_302' title='bbox 789 2889 878 2939; x_wconf 82' lang='lat' dir='ltr'>fuisse</span> <span class='ocrx_word' id='word_1_303' title='bbox 905 2891 1004 2954; x_wconf 85' lang='lat' dir='ltr'>arguit.</span> <span class='ocrx_word' id='word_1_304' title='bbox 1047 2891 1166 2960; x_wconf 80' lang='lat' dir='ltr'>Servos,</span> <span class='ocrx_word' id='word_1_305' title='bbox 1193 2891 1241 2954; x_wconf 81' lang='lat' dir='ltr'>qut</span> 
     </span>
     <span class='ocr_line' id='line_1_34' title="bbox 156 2953 1241 3031; baseline -0.008 -11"><span class='ocrx_word' id='word_1_306' title='bbox 156 2969 231 3031; x_wconf 76' lang='lat' dir='ltr'>rint,</span> <span class='ocrx_word' id='word_1_307' title='bbox 253 2977 288 3014; x_wconf 91' lang='lat' dir='ltr'>ex</span> <span class='ocrx_word' id='word_1_308' title='bbox 307 2961 429 3011; x_wconf 87' lang='lat' dir='ltr'>eiusdem</span> <span class='ocrx_word' id='word_1_309' title='bbox 441 2955 504 3007; x_wconf 84' lang='lat' dir='ltr'>libri</span> <span class='ocrx_word' id='word_1_310' title='bbox 526 2969 550 3005; x_wconf 82' lang='lat' dir='ltr'>e.</span> <span class='ocrx_word' id='word_1_311' title='bbox 565 2953 601 3008; x_wconf 88' lang='grc'>44</span> <span class='ocrx_word' id='word_1_312' title='bbox 617 2956 643 3016; x_wconf 74' lang='lat' dir='ltr'>s.</span> <span class='ocrx_word' id='word_1_313' title='bbox 661 2959 676 3008; x_wconf 90' lang='lat'><em>1</em></span> <span class='ocrx_word' id='word_1_314' title='bbox 720 2960 830 3022; x_wconf 80' lang='lat' dir='ltr'>proprie</span> <span class='ocrx_word' id='word_1_315' title='bbox 850 2959 972 3026; x_wconf 76' lang='lat' dir='ltr'>fuqitioi</span> <span class='ocrx_word' id='word_1_316' title='bbox 991 2957 1166 3024; x_wconf 73' lang='lat' dir='ltr'>dicebantur,</span> <span class='ocrx_word' id='word_1_317' title='bbox 1194 2961 1241 3011; x_wconf 91' lang='lat' dir='ltr'>in-</span> 
     </span>
     <span class='ocr_line' id='line_1_35' title="bbox 158 3025 1242 3100; baseline -0.004 -18"><span class='ocrx_word' id='word_1_318' title='bbox 158 3038 248 3100; x_wconf 76' lang='lat' dir='ltr'>petas.</span> <span class='ocrx_word' id='word_1_319' title='bbox 273 3029 379 3082; x_wconf 80' lang='lat' dir='ltr'>Hirtius</span> <span class='ocrx_word' id='word_1_320' title='bbox 386 3027 506 3077; x_wconf 64' lang='lat' dir='ltr'>Alema:</span> <span class='ocrx_word' id='word_1_321' title='bbox 525 3025 598 3074; x_wconf 85' lang='lat' dir='ltr'>Vrbs</span> <span class='ocrx_word' id='word_1_322' title='bbox 611 3028 678 3094; x_wconf 70' lang='lat' dir='ltr'>fer·</span> <span class='ocrx_word' id='word_1_323' title='bbox 720 3028 810 3092; x_wconf 75' lang='lat' dir='ltr'>teliigi</span> <span class='ocrx_word' id='word_1_324' title='bbox 828 3031 951 3079; x_wconf 82' lang='lat' dir='ltr'>voluisse</span> <span class='ocrx_word' id='word_1_325' title='bbox 970 3036 1113 3091; x_wconf 81' lang='lat' dir='ltr'>propterea</span> <span class='ocrx_word' id='word_1_326' title='bbox 1126 3038 1181 3078; x_wconf 91' lang='lat' dir='ltr'>non</span> <span class='ocrx_word' id='word_1_327' title='bbox 1193 3028 1242 3079; x_wconf 81' lang='lat' dir='ltr'>ui-</span> 
     </span>
     <span class='ocr_line' id='line_1_36' title="bbox 157 3095 1240 3167; baseline -0.007 -13"><span class='ocrx_word' id='word_1_328' title='bbox 157 3102 293 3159; x_wconf 80' lang='lat' dir='ltr'>titiscintn</span> <span class='ocrx_word' id='word_1_329' title='bbox 305 3101 336 3150; x_wconf 88' lang='lat' dir='ltr'>et</span> <span class='ocrx_word' id='word_1_330' title='bbox 346 3095 543 3161; x_wconf 79' lang='lat' dir='ltr'>copiosissima</span> <span class='ocrx_word' id='word_1_331' title='bbox 554 3097 679 3147; x_wconf 87' lang='lat' dir='ltr'>omnium</span> <span class='ocrx_word' id='word_1_332' title='bbox 720 3098 815 3167; x_wconf 85' lang='lat' dir='ltr'>detur,</span> <span class='ocrx_word' id='word_1_333' title='bbox 839 3099 909 3163; x_wconf 88' lang='lat' dir='ltr'>quod</span> <span class='ocrx_word' id='word_1_334' title='bbox 927 3111 1004 3163; x_wconf 86' lang='lat' dir='ltr'>eum,</span> <span class='ocrx_word' id='word_1_335' title='bbox 1023 3110 1041 3147; x_wconf 86' lang='lat' dir='ltr'>a</span> <span class='ocrx_word' id='word_1_336' title='bbox 1054 3108 1106 3158; x_wconf 84' lang='lat' dir='ltr'>quo</span> <span class='ocrx_word' id='word_1_337' title='bbox 1119 3097 1240 3160; x_wconf 59' lang='lat' dir='ltr'>sutum-</span> 
     </span>
     <span class='ocr_line' id='line_1_37' title="bbox 158 3164 1243 3233; baseline -0.005 -10"><span class='ocrx_word' id='word_1_338' title='bbox 158 3184 264 3227; x_wconf 74' lang='lat' dir='ltr'>rerum</span> <span class='ocrx_word' id='word_1_339' title='bbox 276 3169 438 3233; x_wconf 76' lang='lat' dir='ltr'>apparatus</span> <span class='ocrx_word' id='word_1_340' title='bbox 450 3165 631 3230; x_wconf 84' lang='lat' dir='ltr'>suqqerebut.</span> <span class='ocrx_word' id='word_1_341' title='bbox 719 3167 798 3232; x_wconf 85' lang='lat' dir='ltr'>rent,</span> <span class='ocrx_word' id='word_1_342' title='bbox 829 3165 999 3217; x_wconf 86' lang='lat' dir='ltr'>decurionem</span> <span class='ocrx_word' id='word_1_343' title='bbox 1024 3166 1153 3231; x_wconf 84' lang='lat' dir='ltr'>equitum</span> <span class='ocrx_word' id='word_1_344' title='bbox 1169 3164 1243 3218; x_wconf 79' lang='lat' dir='ltr'>Gai·-</span> 
     </span>
     <span class='ocr_line' id='line_1_38' title="bbox 184 3233 1243 3302; baseline -0.001 -13"><span class='ocrx_word' id='word_1_345' title='bbox 184 3288 195 3299; x_wconf 76' lang='grc'>,,</span> <span class='ocrx_word' id='word_1_346' title='bbox 212 3241 238 3302; x_wconf 77' lang='lat' dir='ltr'>s.</span> <span class='ocrx_word' id='word_1_347' title='bbox 252 3242 277 3288; x_wconf 93' lang='grc'>2.</span> <span class='ocrx_word' id='word_1_348' title='bbox 310 3236 457 3298; x_wconf 77' lang='lat' dir='ltr'>fugitivos]</span> <span class='ocrx_word' id='word_1_349' title='bbox 485 3233 597 3297; x_wconf 79' lang='lat' dir='ltr'>Equites</span> <span class='ocrx_word' id='word_1_350' title='bbox 610 3233 678 3284; x_wconf 77' lang='lat' dir='ltr'>Gei-</span> <span class='ocrx_word' id='word_1_351' title='bbox 720 3236 832 3301; x_wconf 85' lang='lat' dir='ltr'>torum,</span> <span class='ocrx_word' id='word_1_352' title='bbox 861 3249 915 3286; x_wconf 88' lang='lat' dir='ltr'>uon</span> <span class='ocrx_word' id='word_1_353' title='bbox 936 3234 1094 3296; x_wconf 88' lang='lat' dir='ltr'>simpliciter</span> <span class='ocrx_word' id='word_1_354' title='bbox 1113 3236 1243 3288; x_wconf 65' lang='lat' dir='ltr'>murio-</span> 
     </span>
     <span class='ocr_line' id='line_1_39' title="bbox 157 3302 1244 3369; baseline -0.006 -9"><span class='ocrx_word' id='word_1_355' title='bbox 157 3312 202 3367; x_wconf 82' lang='lat' dir='ltr'>los</span> <span class='ocrx_word' id='word_1_356' title='bbox 216 3308 308 3362; x_wconf 84' lang='lat' dir='ltr'>dicere</span> <span class='ocrx_word' id='word_1_357' title='bbox 321 3305 546 3369; x_wconf 79' lang='lat' dir='ltr'>videturturmae</span> <span class='ocrx_word' id='word_1_358' title='bbox 559 3302 679 3353; x_wconf 86' lang='lat' dir='ltr'>auxilia·</span> <span class='ocrx_word' id='word_1_359' title='bbox 721 3317 783 3356; x_wconf 88' lang='lat' dir='ltr'>uem</span> <span class='ocrx_word' id='word_1_360' title='bbox 803 3306 941 3368; x_wconf 81' lang='lat' dir='ltr'>apperiat,</span> <span class='ocrx_word' id='word_1_361' title='bbox 966 3312 994 3353; x_wconf 86' lang='lat' dir='ltr'>et</span> <span class='ocrx_word' id='word_1_362' title='bbox 1015 3305 1084 3367; x_wconf 87' lang='lat' dir='ltr'>quod</span> <span class='ocrx_word' id='word_1_363' title='bbox 1096 3304 1191 3366; x_wconf 85' lang='lat' dir='ltr'>plures</span> <span class='ocrx_word' id='word_1_364' title='bbox 1204 3304 1244 3354; x_wconf 87' lang='lat' dir='ltr'>ii·</span> 
     </span>
     <span class='ocr_line' id='line_1_40' title="bbox 157 3371 1244 3444; baseline -0.003 -18"><span class='ocrx_word' id='word_1_365' title='bbox 157 3383 201 3444; x_wconf 65' lang='grc' dir='ltr'>η,</span> <span class='ocrx_word' id='word_1_366' title='bbox 219 3377 264 3429; x_wconf 89' lang='lat' dir='ltr'>cui</span> <span class='ocrx_word' id='word_1_367' title='bbox 277 3379 405 3439; x_wconf 80' lang='lat' dir='ltr'>proceret</span> <span class='ocrx_word' id='word_1_368' title='bbox 417 3373 451 3423; x_wconf 71' lang='lat'>1..</span> <span class='ocrx_word' id='word_1_369' title='bbox 461 3371 610 3432; x_wconf 81' lang='lat' dir='ltr'>Aemilius,</span> <span class='ocrx_word' id='word_1_370' title='bbox 627 3372 679 3421; x_wconf 87' lang='lat' dir='ltr'>ad-</span> <span class='ocrx_word' id='word_1_371' title='bbox 721 3373 779 3424; x_wconf 89' lang='lat' dir='ltr'>ium</span> <span class='ocrx_word' id='word_1_372' title='bbox 798 3385 896 3423; x_wconf 84' lang='lat' dir='ltr'>servos</span> <span class='ocrx_word' id='word_1_373' title='bbox 916 3385 1010 3423; x_wconf 83' lang='lat' dir='ltr'>seeum</span> <span class='ocrx_word' id='word_1_374' title='bbox 1023 3373 1134 3423; x_wconf 84' lang='lat' dir='ltr'>duxisse</span> <span class='ocrx_word' id='word_1_375' title='bbox 1146 3385 1244 3436; x_wconf 85' lang='lat' dir='ltr'>perum</span> 
     </span>
     <span class='ocr_line' id='line_1_41' title="bbox 159 3440 1243 3511; baseline -0.004 -14"><span class='ocrx_word' id='word_1_376' title='bbox 159 3447 293 3511; x_wconf 73' lang='lat' dir='ltr'>scriptos,</span> <span class='ocrx_word' id='word_1_377' title='bbox 322 3443 368 3507; x_wconf 89' lang='lat' dir='ltr'>qui</span> <span class='ocrx_word' id='word_1_378' title='bbox 393 3442 460 3504; x_wconf 78' lang='lat' dir='ltr'>tuga</span> <span class='ocrx_word' id='word_1_379' title='bbox 484 3451 547 3490; x_wconf 90' lang='lat' dir='ltr'>sese</span> <span class='ocrx_word' id='word_1_380' title='bbox 563 3440 679 3492; x_wconf 81' lang='lat' dir='ltr'>miiitiae</span> <span class='ocrx_word' id='word_1_381' title='bbox 721 3442 863 3505; x_wconf 81' lang='lat' dir='ltr'>probabile</span> <span class='ocrx_word' id='word_1_382' title='bbox 882 3449 934 3490; x_wconf 91' lang='lat' dir='ltr'>est.</span> <span class='ocrx_word' id='word_1_383' title='bbox 976 3442 1066 3492; x_wconf 81' lang='lat' dir='ltr'>litium</span> <span class='ocrx_word' id='word_1_384' title='bbox 1078 3441 1140 3492; x_wconf 77' lang='lat' dir='ltr'>civ.</span> <span class='ocrx_word' id='word_1_385' title='bbox 1154 3445 1187 3507; x_wconf 74' lang='lat'>³,</span> <span class='ocrx_word' id='word_1_386' title='bbox 1207 3445 1243 3493; x_wconf 76' lang='lat'>1⁹</span> 
     </span>
     <span class='ocr_line' id='line_1_42' title="bbox 157 3510 1243 3578; baseline -0.006 -11"><span class='ocrx_word' id='word_1_387' title='bbox 157 3519 299 3573; x_wconf 65' lang='lat' dir='ltr'>mutuae</span> <span class='ocrx_word' id='word_1_388' title='bbox 345 3510 529 3560; x_wconf 80' lang='lat' dir='ltr'>subduxerant</span> <span class='ocrx_word' id='word_1_389' title='bbox 562 3517 590 3559; x_wconf 88' lang='lat' dir='ltr'>et</span> <span class='ocrx_word' id='word_1_390' title='bbox 620 3521 680 3559; x_wconf 86' lang='lat' dir='ltr'>rem</span> <span class='ocrx_word' id='word_1_391' title='bbox 723 3510 844 3578; x_wconf 67' lang='lat' dir='ltr'>supitioi</span> <span class='ocrx_word' id='word_1_392' title='bbox 863 3510 898 3561; x_wconf 84' lang='lat' dir='ltr'>ab</span> <span class='ocrx_word' id='word_1_393' title='bbox 914 3511 993 3561; x_wconf 83' lang='lat' dir='ltr'>saltn</span> <span class='ocrx_word' id='word_1_394' title='bbox 1006 3510 1158 3572; x_wconf 69' lang='lat' dir='ltr'>Pyrenaeo</span> <span class='ocrx_word' id='word_1_395' title='bbox 1168 3511 1243 3561; x_wconf 84' lang='lat' dir='ltr'>miii-</span> 
     </span>
     <span class='ocr_line' id='line_1_43' title="bbox 157 3578 1246 3649; baseline -0.006 -11"><span class='ocrx_word' id='word_1_396' title='bbox 157 3583 297 3649; x_wconf 66' lang='lat' dir='ltr'>Helvetiis</span> <span class='ocrx_word' id='word_1_397' title='bbox 322 3579 524 3631; x_wconf 85' lang='lat' dir='ltr'>nuntiaverant.</span> <span class='ocrx_word' id='word_1_398' title='bbox 567 3578 680 3628; x_wconf 79' lang='lat' dir='ltr'>seilicet</span> <span class='ocrx_word' id='word_1_399' title='bbox 723 3587 766 3628; x_wconf 82' lang='lat' dir='ltr'>tes</span> <span class='ocrx_word' id='word_1_400' title='bbox 781 3580 929 3630; x_wconf 82' lang='lat' dir='ltr'>Sertoriani</span> <span class='ocrx_word' id='word_1_401' title='bbox 942 3593 992 3642; x_wconf 89' lang='lat' dir='ltr'>per</span> <span class='ocrx_word' id='word_1_402' title='bbox 1005 3587 1246 3641; x_wconf 73' lang='lat' dir='ltr'>contemptumne·</span> 
     </span>
     <span class='ocr_line' id='line_1_44' title="bbox 156 3647 1245 3718; baseline -0.006 -14"><span class='ocrx_word' id='word_1_403' title='bbox 156 3669 198 3716; x_wconf 72' lang='lat' dir='ltr'>em</span> <span class='ocrx_word' id='word_1_404' title='bbox 226 3662 330 3718; x_wconf 82' lang='lat' dir='ltr'>maqno</span> <span class='ocrx_word' id='word_1_405' title='bbox 356 3648 508 3699; x_wconf 76' lang='lat' dir='ltr'>(initorum</span> <span class='ocrx_word' id='word_1_406' title='bbox 533 3647 683 3713; x_wconf 77' lang='lat' dir='ltr'>equitatus</span> <span class='ocrx_word' id='word_1_407' title='bbox 724 3655 836 3713; x_wconf 82' lang='lat' dir='ltr'>centur,</span> <span class='ocrx_word' id='word_1_408' title='bbox 865 3660 920 3699; x_wconf 86' lang='lat' dir='ltr'>nou</span> <span class='ocrx_word' id='word_1_409' title='bbox 950 3650 1020 3713; x_wconf 84' lang='lat' dir='ltr'>quod</span> <span class='ocrx_word' id='word_1_410' title='bbox 1038 3648 1116 3699; x_wconf 81' lang='lat' dir='ltr'>servi</span> <span class='ocrx_word' id='word_1_411' title='bbox 1137 3657 1245 3715; x_wconf 86' lang='lat' dir='ltr'>esseut,</span> 
     </span>
     <span class='ocr_line' id='line_1_45' title="bbox 160 3714 1246 3783; baseline -0.011 -8"><span class='ocrx_word' id='word_1_412' title='bbox 160 3734 283 3783; x_wconf 73' lang='lat' dir='ltr'>emmeno</span> <span class='ocrx_word' id='word_1_413' title='bbox 296 3719 449 3769; x_wconf 80' lang='lat' dir='ltr'>nonnullos</span> <span class='ocrx_word' id='word_1_414' title='bbox 462 3714 579 3766; x_wconf 62' lang='lat' dir='ltr'>&amp;olibis</span> <span class='ocrx_word' id='word_1_415' title='bbox 596 3717 682 3767; x_wconf 78' lang='lat' dir='ltr'>rebus</span> <span class='ocrx_word' id='word_1_416' title='bbox 725 3717 775 3768; x_wconf 83' lang='lat' dir='ltr'>sed</span> <span class='ocrx_word' id='word_1_417' title='bbox 786 3718 856 3779; x_wconf 86' lang='lat' dir='ltr'>quod</span> <span class='ocrx_word' id='word_1_418' title='bbox 869 3718 948 3781; x_wconf 83' lang='lat' dir='ltr'>signa</span> <span class='ocrx_word' id='word_1_419' title='bbox 960 3719 1054 3781; x_wconf 86' lang='lat' dir='ltr'>popuii</span> <span class='ocrx_word' id='word_1_420' title='bbox 1068 3717 1181 3769; x_wconf 75' lang='lat' dir='ltr'>Romani</span> <span class='ocrx_word' id='word_1_421' title='bbox 1194 3718 1246 3767; x_wconf 86' lang='lat' dir='ltr'>de-</span> 
     </span>
     <span class='ocr_line' id='line_1_46' title="bbox 162 3785 1245 3863; baseline -0.007 -18"><span class='ocrx_word' id='word_1_422' title='bbox 162 3797 268 3863; x_wconf 72' lang='lat' dir='ltr'>fecere</span> <span class='ocrx_word' id='word_1_423' title='bbox 287 3790 399 3839; x_wconf 85' lang='lat' dir='ltr'>nutura</span> <span class='ocrx_word' id='word_1_424' title='bbox 418 3785 549 3851; x_wconf 79' lang='lat' dir='ltr'>coqetat,</span> <span class='ocrx_word' id='word_1_425' title='bbox 572 3793 603 3836; x_wconf 87' lang='lat' dir='ltr'>ut</span> <span class='ocrx_word' id='word_1_426' title='bbox 619 3786 682 3848; x_wconf 84' lang='lat' dir='ltr'>ipse</span> <span class='ocrx_word' id='word_1_427' title='bbox 725 3788 885 3836; x_wconf 78' lang='lat' dir='ltr'>senuissent.</span> <span class='ocrx_word' id='word_1_428' title='bbox 909 3786 1034 3838; x_wconf 78' lang='lat' dir='ltr'>ceterum</span> <span class='ocrx_word' id='word_1_429' title='bbox 1049 3786 1132 3836; x_wconf 86' lang='lat' dir='ltr'>etiam</span> <span class='ocrx_word' id='word_1_430' title='bbox 1144 3797 1245 3837; x_wconf 69' lang='lat' dir='ltr'>servu</span> 
     </span>
     <span class='ocr_line' id='line_1_47' title="bbox 161 3853 1246 3924; baseline -0.007 -13"><span class='ocrx_word' id='word_1_431' title='bbox 161 3864 220 3924; x_wconf 76' lang='lat' dir='ltr'>pita</span> <span class='ocrx_word' id='word_1_432' title='bbox 239 3856 383 3911; x_wconf 76' lang='lat' dir='ltr'>occasione</span> <span class='ocrx_word' id='word_1_433' title='bbox 403 3854 472 3916; x_wconf 80' lang='grc'>6,“7</span> <span class='ocrx_word' id='word_1_434' title='bbox 495 3853 570 3903; x_wconf 86' lang='lat' dir='ltr'>dicit.</span> <span class='ocrx_word' id='word_1_435' title='bbox 605 3855 683 3915; x_wconf 75' lang='lat' dir='ltr'>Quod</span> <span class='ocrx_word' id='word_1_436' title='bbox 723 3855 905 3917; x_wconf 59' lang='lat' dir='ltr'>mutuorum</span> <span class='ocrx_word' id='word_1_437' title='bbox 926 3857 961 3906; x_wconf 86' lang='lat' dir='ltr'>ad</span> <span class='ocrx_word' id='word_1_438' title='bbox 984 3855 1130 3906; x_wconf 74' lang='lat' dir='ltr'>Helvetios</span> <span class='ocrx_word' id='word_1_439' title='bbox 1148 3855 1246 3918; x_wconf 82' lang='lat' dir='ltr'>pertu-</span> 
     </span>
     <span class='ocr_line' id='line_1_48' title="bbox 161 3922 1042 3995; baseline -0.012 -10"><span class='ocrx_word' id='word_1_440' title='bbox 161 3928 254 3985; x_wconf 61' lang='lat' dir='ltr'>auum</span> <span class='ocrx_word' id='word_1_441' title='bbox 291 3924 432 3995; x_wconf 67' lang='lat' dir='ltr'>sopitione</span> <span class='ocrx_word' id='word_1_442' title='bbox 460 3922 567 3988; x_wconf 84' lang='lat' dir='ltr'>potius,</span> <span class='ocrx_word' id='word_1_443' title='bbox 601 3934 683 3987; x_wconf 84' lang='lat' dir='ltr'>quam</span> <span class='ocrx_word' id='word_1_444' title='bbox 724 3923 799 3990; x_wconf 73' lang='lat' dir='ltr'>gisae</span> <span class='ocrx_word' id='word_1_445' title='bbox 814 3936 841 3974; x_wconf 90' lang='lat' dir='ltr'>c.</span> <span class='ocrx_word' id='word_1_446' title='bbox 854 3926 889 3975; x_wconf 91' lang='grc'>27</span> <span class='ocrx_word' id='word_1_447' title='bbox 905 3925 1042 3976; x_wconf 87' lang='lat' dir='ltr'>docemur.</span> 
     </span>
     <span class='ocr_line' id='line_1_49' title="bbox 159 3991 1247 4070; baseline -0.006 -19"><span class='ocrx_word' id='word_1_448' title='bbox 159 3999 305 4070; x_wconf 78' lang='lat' dir='ltr'>persnqne</span> <span class='ocrx_word' id='word_1_449' title='bbox 324 4003 371 4045; x_wconf 86' lang='lat' dir='ltr'>eut</span> <span class='ocrx_word' id='word_1_450' title='bbox 392 3994 566 4060; x_wconf 73' lang='lat' dir='ltr'>tranefnqoe</span> <span class='ocrx_word' id='word_1_451' title='bbox 584 3994 683 4056; x_wconf 88' lang='lat' dir='ltr'>appel·</span> <span class='ocrx_word' id='word_1_452' title='bbox 775 3993 842 4054; x_wconf 68' lang='lat' dir='ltr'>§.tn</span> <span class='ocrx_word' id='word_1_453' title='bbox 875 3994 1059 4056; x_wconf 83' lang='lat' dir='ltr'>superioribus</span> <span class='ocrx_word' id='word_1_454' title='bbox 1073 3991 1157 4054; x_wconf 85' lang='lat' dir='ltr'>iocis]</span> <span class='ocrx_word' id='word_1_455' title='bbox 1174 3994 1247 4046; x_wconf 79' lang='lat' dir='ltr'>Nem</span> 
     </span>
     <span class='ocr_line' id='line_1_50' title="bbox 161 4059 1247 4134; baseline -0.005 -16"><span class='ocrx_word' id='word_1_456' title='bbox 161 4072 220 4134; x_wconf 77' lang='lat' dir='ltr'>lep,</span> <span class='ocrx_word' id='word_1_457' title='bbox 242 4079 296 4118; x_wconf 89' lang='lat' dir='ltr'>non</span> <span class='ocrx_word' id='word_1_458' title='bbox 316 4066 373 4114; x_wconf 70' lang='lat' dir='ltr'>mm</span> <span class='ocrx_word' id='word_1_459' title='bbox 393 4075 455 4113; x_wconf 86' lang='lat' dir='ltr'>oum</span> <span class='ocrx_word' id='word_1_460' title='bbox 475 4061 612 4113; x_wconf 74' lang='lat' dir='ltr'>Helvetiis</span> <span class='ocrx_word' id='word_1_461' title='bbox 632 4062 683 4112; x_wconf 84' lang='lat' dir='ltr'>ed-</span> <span class='ocrx_word' id='word_1_462' title='bbox 724 4059 808 4114; x_wconf 83' lang='lat' dir='ltr'>etiam</span> <span class='ocrx_word' id='word_1_463' title='bbox 823 4060 929 4125; x_wconf 77' lang='lat' dir='ltr'>caesar</span> <span class='ocrx_word' id='word_1_464' title='bbox 941 4062 1037 4112; x_wconf 79' lang='lat' dir='ltr'>coliem</span> <span class='ocrx_word' id='word_1_465' title='bbox 1051 4064 1247 4127; x_wconf 74' lang='lat' dir='ltr'>occupaverat,</span> 
     </span>
     <span class='ocr_line' id='line_1_51' title="bbox 162 4129 1140 4198; baseline -0.004 -11"><span class='ocrx_word' id='word_1_466' title='bbox 162 4149 264 4195; x_wconf 77' lang='lat' dir='ltr'>uersus</span> <span class='ocrx_word' id='word_1_467' title='bbox 275 4137 413 4189; x_wconf 72' lang='lat' dir='ltr'>Romanos</span> <span class='ocrx_word' id='word_1_468' title='bbox 424 4129 577 4198; x_wconf 58' lang='lat' dir='ltr'>punenii,</span> <span class='ocrx_word' id='word_1_469' title='bbox 600 4141 681 4194; x_wconf 86' lang='lat' dir='ltr'>quam</span> <span class='ocrx_word' id='word_1_470' title='bbox 725 4138 756 4183; x_wconf 86' lang='lat' dir='ltr'>ot</span> <span class='ocrx_word' id='word_1_471' title='bbox 767 4144 792 4182; x_wconf 88' lang='lat' dir='ltr'>c.</span> <span class='ocrx_word' id='word_1_472' title='bbox 807 4136 844 4185; x_wconf 90' lang='grc'>22</span> <span class='ocrx_word' id='word_1_473' title='bbox 863 4130 891 4192; x_wconf 74' lang='lat' dir='ltr'>s.</span> <span class='ocrx_word' id='word_1_474' title='bbox 906 4137 924 4185; x_wconf 89' lang='grc'><strong>2</strong></span> <span class='ocrx_word' id='word_1_475' title='bbox 942 4133 1073 4195; x_wconf 84' lang='lat' dir='ltr'>scriptum</span> <span class='ocrx_word' id='word_1_476' title='bbox 1085 4141 1140 4183; x_wconf 80' lang='lat' dir='ltr'>est.</span> 
     </span>
    </p>
   </div>
   <div class='ocr_carea' id='block_1_5' title="bbox 0 0 1308 4688">
    <p class='ocr_par' dir='ltr' id='par_1_28' title="bbox 0 0 1308 4688">
     <span class='ocr_line' id='line_1_52' title="bbox 0 0 1308 4688; baseline 0 0"><span class='ocrx_word' id='word_1_477' title='bbox 0 0 1308 4688; x_wconf 95' lang='lat' dir='ltr'> </span> 
     </span>
    </p>
   </div>
  </div>
 </body>
</html>
