2572 4688
850 39 904 135 ³,

81 291 190 341 ωτι
450 263 799 341 uulnerum,
947 203 951 217 ·

45 418 51 533 ss
84 482 163 533 vara
178 396 355 530 verborum
370 455 468 547 eopia
483 453 675 528 mutandat.
717 452 809 523 liam
830 471 943 522 rarum
960 445 1179 546 iormam'in-

84 571 180 650 tegre
201 567 313 628 manta
331 560 604 650 comprehensam
626 557 768 627 totidem
793 555 1059 636 verbunden,
1089 563 1180 643 quot

84 667 238 760 partibor
257 666 354 755 ipeaa
371 669 537 732 oonatant.
580 663 701 752 ltaque
713 664 815 729 auda
827 658 1097 730 commentarios
1112 658 1179 750 Ci-

85 791 162 837 earo
182 767 286 847 diait,
312 768 453 836 remotio
468 765 641 846 omnibns,
667 785 755 854 quaa
770 786 836 831 non
848 766 920 832 eint
933 763 967 829 iu
982 771 1107 829 natura
1120 783 1178 829 re-

85 894 161 943 rum
176 870 302 959 ponito.
342 869 400 937 Ao
414 869 446 936 ei
459 868 593 959 quando
607 865 797 936 redundare
810 867 938 955 aliquid
950 865 1099 950 videtur,
1120 888 1178 936 na-

86 974 217 1045 dnndat
232 973 304 1039 fare
315 993 357 1039 ex
373 973 614 1059 rogitatiouum
635 973 750 1060 eopia,
772 972 878 1041 veluti
890 993 966 1037 aum
980 971 1177 1040 universam

86 1079 257 1163 notionem
277 1075 480 1147 determinat
501 1075 633 1144 adianto
661 1075 764 1144 verbo
788 1082 919 1164 partem
945 1076 1000 1143 val
1027 1076 1176 1165 aperiam

88 1181 316 1269 eigniflrantm
344 1179 435 1267 quod
459 1202 534 1247 oum
556 1179 659 1260 taoit,
687 1175 856 1269 duplicem
870 1179 991 1246 mantia
1008 1178 1177 1246 actionem

88 1308 157 1354 una
178 1285 213 1353 in
236 1302 275 1350 ra
298 1279 427 1351 defixae
446 1281 617 1358 declarat,
638 1282 788 1371 primum
808 1303 880 1349 rem
902 1283 1111 1369 singularam
1132 1278 1179 1347 ad

90 1409 194 1477 geuene
209 1406 308 1454 auum
325 1385 502 1474 redigens,
520 1381 641 1478 deindo
652 1386 764 1452 laeum
778 1386 869 1467 eiua,
890 1406 989 1471 quarn
1004 1386 1040 1452 in
1053 1403 1179 1472 gonaro

90 1496 221 1581 teneat,
252 1488 426 1560 definiam.
476 1488 593 1560 Verba
611 1486 688 1578 ipra
708 1487 823 1555 facilia
840 1494 922 1553 aunt
939 1494 974 1555 at
993 1486 1179 1569 cotidiana,

91 1594 153 1667 red
183 1593 361 1684 aptissime
387 1601 425 1661 ot
452 1590 635 1660 eorundum
658 1593 818 1682 optimam
839 1590 1115 1660 consuetudinarii
1139 1610 1180 1656 ao

91 1699 256 1781 rationem
276 1696 409 1765 deleeta
430 1702 467 1764 at
490 1694 694 1787 aompoaitaa
721 1717 821 1784 quam
836 1695 879 1763 ob
893 1716 964 1763 rem
984 1701 1069 1760 reati
1086 1692 1179 1762 aci·

92 1824 214 1875 narona
243 1808 406 1871 rorantur
431 1800 686 1872 commentarii.
743 1798 832 1869 Sunt
854 1802 943 1867 eninr
963 1795 1054 1864 nuda
1073 1816 1180 1886 quaa-

94 1906 192 1987 dam,
219 1904 281 1972 eod
301 1925 405 1994 prava
420 1905 536 1973 eadam
551 1909 840 1993 atquaeorrupta.
884 1901 987 1991 Quod
999 1908 1114 1968 autem
1125 1922 1182 1967 oa-

24 2062 27 2067 .
94 2021 204 2101 wem
232 2003 316 2075 diait
342 2005 479 2088 Giarro,
513 2027 587 2074 eam
615 2007 823 2094 voluptatem
842 2005 1014 2095 respirare
1032 2003 1183 2085 videtur,

97 2131 164 2202 qua
187 2107 365 2177 verborum
385 2109 698 2198 eomprahauaionea
715 2107 910 2176 emendatae
928 2115 964 2177 et
982 2107 1184 2199 perepiaute

98 2211 246 2282 aninum
272 2213 418 2299 legantis
438 2213 608 2297 afficiunt,
635 2234 712 2281 aum
731 2233 845 2280 rerum
867 2221 1040 2300 geatmum
1059 2213 1184 2299 imagi·

96 2337 174 2387 nam
194 2315 371 2405 oonoipera
388 2314 539 2405 oupieuti
558 2317 642 2386 nihil
663 2315 731 2384 niei
753 2314 845 2405 quod
865 2335 906 2383 oo
924 2324 1074 2406 apertat,
1099 2317 1182 2384 offe·

98 2424 182 2493 runt
201 2438 262 2486 neo
286 2418 467 2507 quiequam
490 2439 531 2487 ao
552 2420 911 2514 apaetaneomittunt,
937 2421 999 2489 aed
1015 2423 1181 2490 intentam

99 2521 277 2593 adomnia
297 2523 420 2591 mentia
441 2521 546 2590 ariam
563 2530 601 2591 ot
615 2523 783 2593 aurioaour
801 2524 1009 2610 singulorum
1023 2525 1183 2594 obeerra·
1200 2524 1203 2530 “

98 2627 224 2701 tionem
236 2625 424 2694 laetiasirua
439 2645 552 2692 rerum
566 2625 664 2716 eopia
677 2634 714 2695 ot
724 2628 801 2695 luae
813 2636 1080 2700 remunerantur.
1112 2628 1184 2696 Aa·

98 2754 165 2824 qua
188 2721 271 2800 haaa
291 2736 346 2798 eat
363 2735 655 2814 panetiarium
668 2729 825 2810 mentua,
851 2755 919 2822 qua
932 2732 1066 2800 dulcius
1078 2731 1116 2799 iu
1130 2732 1184 2798 hi·

101 2835 209 2916 atoria
223 2834 308 2902 nihil
322 2838 396 2915 eet,
421 2851 509 2920 quaa
524 2854 586 2901 noe
600 2853 734 2922 quoque
747 2833 955 2906 incaeaaria
969 2835 1184 2907 Commenta·

100 2939 165 3011 niis
179 2957 247 3027 qno
261 2936 397 3025 saepius
409 2936 571 3023 legimns,
588 2958 628 3005 eo
638 2939 750 3024 magia
765 2937 926 3011 daleetat.

104 3116 108 3121 ,
201 3041 259 3109 At
270 3060 336 3108 nou
348 3036 475 3127 ubique
487 3041 617 3129 pariter
628 3040 776 3109 illuatria
787 3043 936 3112 breviter
949 3049 1016 3124 oet,
1034 3062 1095 3109 uae
1108 3043 1186 3110 nul-

100 3141 346 3213 lidubitationi
359 3141 538 3211 obnoxium
551 3151 680 3213 reatum
697 3166 758 3213 nea
771 3146 908 3215 nuditas
921 3146 1011 3215 omni
1028 3154 1184 3237 exparte

101 3248 233 3334 integra
249 3253 287 3313 et
304 3246 424 3313 fflaera
445 3248 582 3318 maurit.
621 3245 743 3336 ltaque
758 3271 825 3316 nou
838 3250 959 3318 inutile
972 3248 1185 3340 Commenta-

101 3351 167 3421 rite
185 3348 326 3418 edendie
347 3349 518 3435 negotium
539 3349 712 3440 eurupam
732 3353 831 3423 nobie
850 3353 1064 3443 videbamur,
1094 3357 1128 3422 ei
1148 3361 1186 3422 ot

101 3474 159 3524 ree
179 3452 489 3539 illustraremuelet
508 3454 686 3523 verborum
702 3457 867 3525 rationem
884 3458 1130 3549 explicaremus
1145 3463 1186 3523 et

16 3601 21 3610 x
102 3556 342 3648 quaa-mendae
354 3556 560 3641 residerent,
575 3558 740 3628 librorum
752 3561 827 3632 MS.
841 3561 966 3658 auxilio
976 3563 1186 3630 tolleremua.

103 3661 161 3733 Ao
176 3662 323 3753 primum
343 3669 379 3731 et
400 3661 583 3733 seeundum
595 3664 646 3734 ita
658 3663 770 3734 iacere
782 3652 895 3734 eonati
908 3674 1045 3748 eumue,
1065 3672 1186 3733 utnon

104 3770 173 3834 tam
192 3768 327 3835 litterae
349 3766 492 3836 Latinae
505 3774 565 3834 aut
579 3767 672 3836 uliud
687 3770 771 3858 quid
787 3768 928 3838 docendi
942 3767 1149 3838 oaeaeionam
1165 3789 1187 3836 a

104 3864 253 3959 (laesero
274 3871 374 3940 nobie·
393 3869 590 3961 petendam,
616 3893 717 3962 quam
741 3864 902 3962 quioquid
922 3880 1015 3941 eeaet
1032 3873 1068 3939 in
1087 3872 1189 3941 nobie

104 3972 336 4058 litterarum,
359 3972 404 4043 ad
431 3971 591 4045 caeraris
621 3977 932 4067 interpretationem
962 3974 1187 4043 adhibendum

105 4076 339 4171 oxiatiruautee
357 4099 398 4146 aa
416 4077 651 4169 potissimum,
681 4101 769 4171 quaa
788 4079 831 4149 ab
850 4082 928 4152 aliie
945 4081 1188 4173 praetermieaa
