2572 4688
146 277 213 347 nro
403 246 688 343 nn'auuno
717 270 970 345 caturco
1043 212 1053 225 ⁸

144 465 336 551 opportuno
354 467 458 550 atque
475 459 616 542 idoneo,
633 460 724 549 quoti
739 462 977 546 isoollis,·ubi
989 464 1104 529 oasim
1116 464 1231 551 posita

144 560 258 630 erant,
279 551 453 637 paululum
467 570 509 618 ox
521 551 662 640 planitie
677 550 791 617 editus
806 557 937 617 tautum
952 549 1116 619 adversus
1127 550 1164 616 in
1178 552 1231 617 la·

142 637 321 703 titudinem
339 639 498 725 putebat,
517 647 681 724 quantum
695 639 763 704 loci
778 638 866 703 acies
879 639 1046 703 instructa
1061 642 1231 726 occupare

142 731 298 812 poterat,
325 734 427 812 atque
448 746 488 791 ex
505 731 651 811 utraque
672 735 769 813 parte
784 726 904 791 latoris
918 724 1069 791 deiectus
1082 725 1234 792 habebat

143 816 180 878 et
200 811 235 879 in
255 812 367 880 tronto
380 812 505 880 leniter
516 812 698 900 instigatus
712 813 877 901 paulatim
889 812 933 879 ad
948 812 1125 904 planitiem
1138 811 1233 881 retii·

210 987 238 1049 s.
250 991 277 1041 ².
312 989 440 1051 planitie]
463 991 534 1042 ven.
551 989 573 1041 i.
590 990 681 1051 steph.
703 990 751 1041 Gr.
767 990 793 1045 bt
810 989 891 1043 aurr.
909 989 979 1041 ond.
993 992 1018 1039 1.
1042 988 1170 1054 placatae
1181 1001 1231 1041 ret·

174 1057 267 1123 liquato
291 1065 318 1107 et
343 1059 410 1110 oud.
424 1062 456 1120 2,
486 1068 515 1110 et
536 1060 696 1122 paulopost
716 1058 887 1128 planiciem,
910 1058 955 1110 cui
971 1058 1128 1123 analogiam
1144 1071 1231 1124 repu-

175 1139 261 1194 gnare
278 1127 314 1176 ed
332 1126 414 1191 1,ss
432 1126 458 1186 S.
473 1130 486 1178 t
504 1128 619 1180 ostendi.

210 1199 357 1258 occupare]
381 1199 482 1248 tenere
500 1197 609 1247 codices
627 1193 738 1262 Vrsini,
762 1191 813 1246 (iu.
829 1196 900 1246 And.
914 1197 943 1246 S.
962 1192 1044 1248 vinu.
1063 1195 1099 1244 A.
1115 1194 1230 1260 Nescio,

174 1276 211 1317 an
230 1266 279 1315 hoc
297 1276 400 1329 quoque
418 1266 551 1326 inprime
568 1264 716 1326 scriptione
732 1264 851 1326 positum
867 1264 963 1315 deinde
981 1278 1043 1316 cnm
1056 1263 1148 1327 magu
1165 1275 1230 1325 pro-

174 1332 236 1398 prio
253 1334 421 1397 permutant.
455 1333 536 1385 certe
556 1332 617 1385 clv.
633 1336 664 1397 3,
681 1333 718 1383 40
740 1335 909 1398 (eodemque
926 1336 1003 1399 temp
1022 1346 1057 1385 re
1073 1344 1112 1384 eu
1129 1334 1230 1384 ultera

172 1405 379 1467 pertenentem
397 1402 506 1462 tenuit)
527 1409 556 1455 et
573 1403 626 1454 100
640 1401 779 1461 (tusulom
797 1404 935 1455 obiectum
950 1348 1053 1468 poris
1069 1400 1229 1453 Brundisi-

128 1470 133 1479 '
174 1485 212 1522 sto
235 1472 347 1534 tenuit)
371 1481 539 1535 consequens
554 1484 605 1535 pro
622 1473 800 1524 antecedente
817 1473 908 1526 dcere
924 1485 979 1525 non
995 1472 1059 1526 dubi
1090 1472 1141 1523 vit.
1182 1471 1228 1523 Gi.

59 1562 63 1571 ·
106 1538 113 1549 '
174 1543 236 1595 adu.
256 1541 318 1591 crit.
337 1543 373 1592 ad
390 1546 443 1592 c.2
462 1540 488 1601 S.
504 1539 530 1592 5.
818 1562 822 1570 ·

208 1609 238 1659 iu
256 1611 358 1669 ironte]
384 1611 416 1660 in
433 1610 564 1677 frontem
580 1607 658 1661 carr.
672 1609 705 1661 N.
719 1608 803 1658 Voss.
819 1606 921 1663 clarii..
928 1609 1015 1662 codex
1028 1605 1133 1659 lii-antii
1138 1640 1149 1679 ,
1166 1609 1227 1658 cod.

173 1675 293 1743 (illarii,
322 1679 382 1729 Pet.
405 1680 489 1738 Bona.
511 1678 566 1729 nn.
591 1678 664 1728 Gott.
682 1677 765 1728 Voss.
782 1680 815 1727 A.
832 1678 910 1741 ligur.
926 1674 1086 1743 ‚‚pluriml“
1103 1677 1152 1727 Dr·
1170 1679 1227 1728 ΑΒ.

172 1746 253 1797 Vrat.
271 1748 327 1798 AB.
343 1748 441 1798 liamb.
459 1749 542 1798 Bonn.
560 1746 614 1796 cu.
631 1746 713 1797 vind.
731 1745 785 1795 BF.
803 1744 857 1795 ino.
874 1746 949 1797 iiior.
962 1749 1048 1798 vaso.
1065 1746 1158 1806 stupu
1174 1747 1226 1796 Gr.

171 1812 198 1864 tr.
216 1816 295 1867 durr.
313 1818 383 1879 quod
400 1816 445 1879 qui
462 1817 625 1879 probarunt,
643 1815 773 1881 frontem
788 1825 835 1876 pro
847 1812 988 1865 cacumine
1000 1812 1161 1879 accepisse,
1178 1826 1227 1862 ce-

172 1891 260 1934 terum
283 1896 339 1935 non
362 1884 591 1935 animadvertisse
616 1884 741 1933 videntur
758 1896 792 1933 ne
808 1882 839 1951 ia
854 1894 984 1933 cacumen
1001 1882 1110 1947 quidem
1127 1881 1227 1933 leniter

171 1952 332 2017 fastigatum
354 1952 431 2005 ilium
455 1954 553 2003 coliem
576 1950 630 2002 nisi
651 1963 670 2002 a
686 1953 776 2002 fronte
792 1954 822 2001 et
836 1948 957 2003 tortasse
974 1962 992 2001 a
1006 1952 1085 2014 tergo
1103 1948 1158 2000 dici
1173 1961 1225 2015 po-

172 2020 260 2082 tuisse
283 2016 384 2072 etdila
406 2022 523 2072 lectione
547 2022 629 2083 atque
644 2019 867 2083 interpretatione
883 2018 1003 2071 adhibita
1019 2019 1047 2085 id
1064 2019 1226 2085 desiderari,

172 2091 244 2151 qood
266 2088 383 2149 maxims
404 2076 759 2155 significatnmoirortebat,
782 2102 836 2151 qua
852 2089 880 2140 iu
898 2096 976 2152 ports
993 2088 1092 2139 leniter
1109 2088 1225 2141 acclivis

173 2160 255 2209 collis
272 2154 356 2207 es'set.
390 2158 461 2208 Huic
470 2156 643 2208 'incommodo
661 2162 808 2207 occurrens
826 2158 893 2207 oud.
912 2154 1065 2209 secondum'
1078 2155 1129 2208 (iu.
1147 2158 1225 2209 Leid.

172 2229 209 2278 A.
232 2228 261 2277 S·
282 2227 508 2288 praepositionem
525 2226 607 2277 eiecit
623 2233 651 2275 et
668 2227 798 2293 frontem
815 2226 941 2291 scripsit,
964 2228 1034 2291 quod
1052 2227 1135 2278 etiam
1152 2228 1224 2278 flav.

127 2326 129 2339 .
173 2297 208 2345 n.
226 2296 309 2346 vino.
330 2297 364 2344 n.
380 2284 459 2346 doti.
477 2292 510 2345 n.
528 2296 663 2345 exornent.
685 2288 836 2360 ‚ivrno’n
855 2297 972 2365 prome,
1001 2294 1065 2346 item
1083 2294 1145 2347 sino
1168 2296 1223 2358 tn.)

172 2364 228 2415 sed
244 2376 278 2415 ue
296 2363 459 2427 sicquidem
476 2363 548 2423 setis,
563 2358 705 2426 perspicue
721 2364 763 2427 id,
791 2366 859 2427 quod
877 2377 944 2427 opus
961 2366 1036 2431 erat,
1053 2366 1223 2416 demonstra-

174 2440 235 2501 tur,
263 2444 325 2482 cum
346 2433 523 2484 accusativus
540 2433 589 2484 ilie
606 2428 771 2485 Graecorum
792 2444 865 2484 more
883 2432 988 2496 positus
1005 2435 1093 2484 solnm
1110 2434 1224 2497 partici-

173 2499 247 2567 pium
265 2501 425 2570 fusiipotca
440 2503 551 2554 deliniat
569 2511 597 2553 et
610 2503 690 2552 simul
706 2504 865 2553 adverbum
880 2502 995 2556 reditui
1011 2503 1082 2569 trahi
1096 2504 1145 2552 vix
1158 2516 1224 2566 pos·

172 2572 218 2623 sit.
253 2573 370 2622 Accedit
387 2573 457 2635 qood
473 2558 634 2624 ciaocrsmo
651 2572 699 2622 illo
714 2566 834 2638 Caesar,
856 2570 880 2620 si
899 2583 917 2622 a
934 2555 1049 2622 dictione
1066 2566 1224 2624 monimum

150 2704 154 2711 Ι
170 2643 288 2709 purtem
310 2640 490 2710 discesseris,
506 2637 575 2705 'qua
591 2640 659 2708 ist
679 2652 740 2691 cum
757 2640 821 2692 aliis
838 2637 938 2724 utitur3
961 2641 1126 2703 abstinuisse
1144 2642 1223 2694 vide-

171 2715 227 2763 tur.
260 2712 330 2762 Nem
353 2709 451 2776 infima
474 2712 613 2778 apertus,
637 2711 708 2777 quod
724 2722 760 2760 ex
776 2709 855 2758 iuius
874 2710 937 2767 libri
954 2720 978 2758 c.
995 2709 1029 2760 18
1052 2709 1111 2773 §.2
1126 2710 1221 2779 citant,

171 2780 307 2832 infirmum
328 2792 392 2830 esse
415 2782 652 2845 deprehendemus.
687 2779 745 2829 Iam
769 2789 836 2828 vcro
859 2778 1085 2841 praepositionem
1110 2780 1221 2832 codices

171 2848 381 2913 integerrimiet
394 2851 428 2900 ab
441 2849 591 2901 nutusmodi
606 2846 793 2898 additamentis
806 2847 916 2897 miuritis
929 2847 1010 2897 liberi
1024 2854 1149 2917 tuentur,
1166 2856 1222 2901 ter-

169 2917 331 2971 minationes
355 2926 446 2970 eutem
471 2921 555 2968 nasce
579 2918 676 2979 unique
702 2923 870 2978 permutatas
893 2916 1025 2981 videmus.
1072 2915 1170 2981 ltaque
1192 2919 1223 2970 in
1262 2965 1266 2979 ‚

171 2989 274 3056 fronte
298 2999 360 3038 cum
376 2988 457 3038 Vrat.
484 2986 515 3037 0.
533 2982 615 3037 tiocli.¹
630 2988 659 3034 B.
677 2989 705 3035 et
721 2985 835 3046 reliquis
852 2993 917 3035 outo
934 2984 1003 3036 ilud.
1020 2986 1081 3036 cdd.
1098 2987 1222 3038 scriben-

171 3059 232 3106 dum
249 3057 361 3122 putavi,
384 3057 412 3105 h.
427 3069 452 3105 e.
465 3055 492 3106 ln
509 3059 587 3117 parte
607 3056 741 3121 adversa,
768 3064 819 3107 nott
835 3062 902 3108 torti
908 3081 918 3120 7
935 3060 965 3103 ut
984 3053 1057 3105 inira
1074 3067 1099 3105 c.
1111 3059 1148 3108 23
1163 3055 1222 3118 §.d

170 3127 199 3174 et
215 3123 250 3243 ΖΞ
265 3120 293 3182 S·
308 3127 323 3176 1
341 3134 370 3175 et
386 3125 420 3189 7,
435 3128 485 3176 2³:
511 3126 669 3176 'interuallo
688 3124 844 3190 prandium
861 3123 894 3175 iu
908 3124 1010 3190 fronte
1022 3125 1109 3185 ,eccm
1131 3128 1223 3194 effur-

168 3194 236 3246 ctun
250 3202 299 3242 ur.

188 3254 303 3311 *leniter
326 3258 489 3323 fastigatus]
521 3260 573 3312 Pro
593 3260 716 3326 leuiter,
740 3261 809 3326 quod
825 3261 970 3311 secundom
988 3261 1071 3326 Bong.
1088 3264 1145 3313 AB.
1163 3262 1235 3314 Pet·

171 3331 233 3383 Pal.
253 3329 327 3384 Gott.
353 3329 431 3397 agn.
453 3330 523 3383 ιον.
549 3331 616 3397 itcg.
633 3331 717 3382 Voss.
739 3328 816 3385 ABG.
834 3331 912 3382 Leid.
927 3332 984 3381 AB.
1002 3332 1030 3383 S.
1047 3334 1118 3383 And.
1135 3334 1221 3385 Dorv.

189 3501 337 3562 adversus]
360 3499 582 3569 ci.civ.2,15:
600 3499 657 3552 mi·
699 3499 840 3565 dicuntur,
858 3509 911 3551 non
923 3497 1041 3551 adversi
1054 3499 1156 3553 mea
1174 3509 1221 3552 aut

137 3572 178 3623 tea
189 3572 317 3622 deutera
329 3583 365 3620 uc
377 3570 503 3621 sinistro
514 3582 598 3622 muro
611 3573 657 3621 te·
698 3570 804 3634 tostas,
817 3575 864 3621 eut
876 3570 1001 3621 vaiacra
1013 3577 1061 3620 aut
1072 3569 1156 3636 cipue
1165 3572 1220 3622 ud·

136 3642 218 3704 ctus,
253 3639 395 3691 aduersus
416 3640 509 3704 plutei
536 3640 656 3691 obiectu.
698 3652 804 3703 cerco,
822 3650 891 3700 quac
905 3650 924 3688 a
936 3639 1096 3701 quibusdam
1107 3643 1161 3690 nuc
1173 3652 1220 3693 re·

136 3707 310 3760 Adiectivum
323 3711 358 3759 ad
371 3712 455 3760 totum
466 3711 656 3772 relatumpar-
699 3710 841 3761 vocantur.

136 3785 191 3829 tem
211 3777 294 3828 totius
313 3777 459 3841 significat.
499 3780 560 3830 Non
583 3780 657 3829 totus
750 3776 845 3829 lateris
858 3774 995 3834 deiectus]
1021 3772 1152 3828 Deiectus
1171 3790 1220 3828 seu

137 3847 218 3901 coitis
232 3849 449 3911 eratadversus‚
467 3848 657 3910 sedquaerat
698 3845 761 3898 loca
790 3853 940 3908 praerupta
970 3846 999 3894 et
1033 3846 1219 3912 declivitates,

137 3918 275 3968 adversus
289 3928 330 3966 sc.
344 3918 379 3965 ad
393 3919 501 3982 hostes,
525 3917 563 3967 ini
576 3924 656 3977 pate-
698 3927 767 3978 quus
788 3913 870 3964 collis
889 3927 924 3963 ex
942 3921 1059 3975 utraque
1076 3919 1156 3977 parte
1168 3917 1219 3966 ha·

109 4000 112 4005 ·
136 3986 194 4036 bat.
211 3984 307 4046 ltaque
321 3985 422 4036 similia
435 3985 657 4036 huicsnntsum·
699 3986 788 4049 babet,
803 3982 899 4034 lateris
911 3983 1084 4045 (utriusque)
1096 3985 1220 4035 deiectus

137 4066 201 4105 mua
224 4064 322 4116 mccc,
358 4058 522 4106 extremum
546 4067 657 4120 apaten,
700 4055 778 4104 erent
820 4052 890 4101 sicut
908 4052 971 4102 lene
986 4053 1127 4119 festigium
1141 4054 1220 4105 iron-

137 4124 290 4179 attremat
304 4123 410 4208 iocoue,
424 4135 492 4188 quae
502 4125 658 4189 paulopost
700 4121 752 4174 tis:
781 4085 825 4176 itt
843 4111 933 4189 bitti
960 4117 1032 4195 butte
1059 4120 1110 4190 otti
1131 4118 1220 4181 britto
