2572 4688
81 273 184 323 ¹mn
470 234 819 357 enarrarre.

97 448 177 512 aute
195 434 356 510 Bibulum
384 438 657 530 impugnaverat,
683 441 989 533 praetereuntem
1010 446 1194 531 exspecta-

96 547 224 615 tionem
246 545 435 626 collocans,
460 546 535 632 ipse
558 568 637 631 raro
658 544 894 636 Calpurniam,
920 545 963 619 Is.
985 544 1126 617 Pisonis
1147 547 1193 613 fi-

94 651 178 719 liam
207 647 398 743 successuri
425 645 493 714 sibi
519 647 556 715 in
584 652 779 733 consulatu,
808 671 945 718 unorom
968 652 1076 722 duxit.
1129 649 1192 718 Ac

95 760 177 844 post
204 775 322 821 novam
350 752 548 818 aiiinitatsm
576 750 774 845 Pompeium
798 756 943 844 primum
964 776 1086 848 rogare
1109 774 1190 821 scn-

95 857 237 926 tentiam
268 855 397 947 coepit,
433 876 507 922 cnm
530 854 691 935 Crassum
714 861 842 925 soleret
862 864 1022 947 essetque
1039 871 1188 927 consue·

94 960 198 1045 tudo,
233 968 274 1028 ut
299 980 398 1047 quam
427 957 578 1026 ordinem
601 961 834 1050 interrogandi
855 965 1041 1031 sententias
1063 962 1187 1029 consul

1 1064 2 1067 '
93 1064 263 1136 Kalendis
291 1063 365 1133 lan.
393 1063 623 1144 instituisset,
655 1087 730 1134 aum
753 1074 827 1134 toto
846 1088 933 1135 anuo
954 1072 1186 1148 conservaret,

93 1177 198 1260 atquo
220 1171 294 1237 sius
311 1169 362 1236 rei
376 1169 539 1235 rationem
557 1169 690 1236 senatui
705 1167 867 1242 reddidit,
909 1167 1063 1238 Eundem
1080 1167 1185 1237 Pom·

93 1276 207 1365 poium
228 1270 307 1341 inde
322 1271 364 1339 ab
386 1273 449 1340 boc
467 1294 552 1339 anno
570 1294 677 1361 usque
693 1271 886 1351 olinitium
901 1274 1011 1342 civilis
1024 1273 1111 1341 belli
1126 1273 1186 1338 bs-

92 1377 207 1447 redem
232 1376 275 1444 ab
296 1399 335 1445 eo
358 1375 464 1443 scribi
485 1377 624 1444 solitum
648 1377 693 1464 Q.
711 1376 849 1445 Tubero
869 1377 960 1467 apud
982 1375 1184 1446 Suetonium

90 1479 213 1551 tradit.
263 1479 397 1568 Quibus
416 1479 572 1547 omnibus
592 1481 695 1548 rebus
717 1503 906 1572 repugnare
928 1502 1045 1550 eorum
1068 1478 1184 1569 opinio

91 1585 246 1668 videtur,
274 1584 334 1673 qui
359 1583 426 1649 iam
448 1589 520 1650 tum
539 1581 738 1675 Pompeium
755 1608 821 1653 uua
836 1608 911 1653 cum
928 1584 1052 1653 ceteris
1066 1582 1183 1674 oppri-

91 1690 206 1759 mendi
237 1688 416 1756 consilium
446 1696 583 1777 captum
604 1689 647 1756 ab
667 1687 835 1757 eo'iuissc
856 1674 1023 1760 statuunt.
1072 1686 1183 1756 Paulo

90 1795 287 1889 pastillas,
315 1814 401 1881 quas
423 1801 701 1870 commemoratae
725 1800 824 1875 sunt,
851 1792 1008 1883 nuptias,
1036 1812 1181 1880 quarum

88 1900 239 1967 fortasse
268 1899 444 1965 occasione
468 1895 570 1965 ludos
593 1897 853 1985 venationesque
882 1891 1055 1976 exhibuit,
1093 1915 1180 1984 quos

88 2003 272 2090 Appianas
292 2000 355 2068 boc
375 2021 509 2089 quoque
531 2000 617 2065 anno
639 1999 758 2088 popuii
777 1999 985 2068 devinciendi
1005 2021 1109 2067 eausa
1124 2021 1181 2066 ox-

88 2106 216 2174 bibitos
239 2102 281 2171 ab
305 2126 345 2172 eo
370 2103 508 2184 scribit,
539 2124 614 2168 cum
627 2110 774 2194 §senatus
793 2107 967 2194 superiore
984 2127 1070 2172 anno
1087 2103 1181 2172 dosi-

88 2211 201 2298 gnatis
216 2206 412 2276 consulibus
429 2205 620 2298 provincias
636 2206 765 2273 minimi
776 2210 914 2296 negotii,
935 2208 1054 2290 idest,
1075 2211 1180 2278 silva·

82 2334 164 2380 rum
180 2319 218 2380 st
238 2311 374 2380 callium
398 2333 459 2378 scu
476 2313 624 2377 saltuum
643 2332 704 2398 per
721 2309 859 2379 Italiam
876 2333 989 2378 curam
1011 2311 1181 2380 decrevis-

88 2520 131 2589 ab
157 2517 378 2610 optimatibus
403 2516 637 2602 contenderat,
665 2541 740 2586 cum
755 2519 896 2588 Vatinio
912 2519 1004 2606 egit,
1026 2529 1068 2586 ut
1083 2542 1101 2586 a
1118 2543 1179 2608 po·

86 2625 169 2717 pulo
185 2622 316 2705 Gallia,
341 2642 440 2710 quam
456 2621 722 2708 copiosissimam
738 2623 984 2712 triumphorum
1001 2626 1177 2691 materiam

86 2727 337 2811 arbitrabatur,
363 2725 431 2792 sibi
446 2728 617 2814 provincia
633 2725 789 2808 daretur,
811 2735 847 2794 et
863 2725 1010 2796 Galliam
1026 2728 1177 2819 Cisalpi-

85 2854 162 2902 nam
177 2833 319 2921 lllyrioo
335 2828 467 2898 adiecto
483 2853 557 2897 cum
574 2829 684 2898 tribus
698 2830 889 2918 legionibus
904 2833 1050 2921 quinque
1065 2832 1100 2900 in
1117 2856 1177 2901 an·

84 2959 147 3006 nos
154 2983 168 3016 ‚
195 2932 293 3025 qnodx
308 2941 387 3002 ante
409 2933 446 3000 id
466 2941 601 3023 tempus
617 2933 705 3002 nulli
720 2935 926 3021 contigerat,
946 2936 1022 3023 lege
1035 2934 1176 3005 Vatinia

86 3042 228 3132 accepit.
282 3038 366 3107 Mox
395 3046 639 3127 personatum
662 3034 825 3127 Pompeio
849 3046 1004 3121 auctore,
1031 3039 1176 3125 Crasso,

84 3130 210 3233 Pisone
235 3163 371 3224 socero,
403 3140 524 3225 Clodio
548 3139 784 3236 adiuvantibus
805 3137 1051 3232 Transalpina,
1084 3166 1174 3232 quae

84 3246 322 3338 appellabatur
342 3251 492 3326 comata,
520 3266 596 3312 cum
616 3266 683 3313 una
702 3247 832 3333 legione
854 3249 890 3315 in
910 3250 1174 3336 quinquennium

83 3358 139 3431 est
163 3346 338 3431 adiuncta,
365 3349 564 3417 senseritis
585 3349 760 3440 patribus,
786 3372 828 3416 na
848 3351 880 3417 si
899 3351 966 3442 ipsi
980 3361 1176 3441 negassent,

82 3458 231 3548 populus
252 3460 288 3520 st
307 3453 527 3534 haucnaret,
554 3475 614 3520 seu
628 3455 846 3545 sperantibus
862 3456 934 3521 iore
948 3464 987 3524 ut
1002 3479 1174 3559 uunquapn

82 3558 134 3629 c'is
151 3557 262 3645 Alpes
284 3563 462 3627 remearet.
502 3555 737 3627 Periculosum
756 3559 844 3625 enim
858 3558 896 3625 in
911 3558 1024 3628 Gallia
1043 3563 1172 3632 ballum

81 3652 235 3757 futurum
253 3658 451 3744 videbatur,
480 3682 555 3730 cum
570 3669 605 3729 et
617 3664 826 3751 Allobroges
848 3685 956 3754 nuper
972 3667 1085 3753 pacati
1105 3667 1172 3735 ini,

82 3765 206 3832 micum
236 3782 317 3849 arga
347 3763 518 3834 Romanos
547 3767 692 3836 animum
715 3768 921 3851 retinerent,
952 3774 988 3837 et
1007 3769 1172 3853 Helvetii,

82 3888 226 3961 quornm
243 3874 357 3956 patres
371 3869 413 3939 L.
428 3869 585 3940 Cassium
605 3874 777 3941 consulem
791 3871 1031 3950 interfecerant
1045 3881 1081 3940 et
1095 3875 1171 3942 eius

83 3972 266 4039 exercitum
290 3972 355 4040 sub
380 3973 495 4060 iugum
516 3975 696 4059 miserant,
724 3977 848 4045 iterum
873 3976 915 4043 de
941 3963 1066 4044 tinibus
1093 3979 1169 4045 suis

80 4075 178 4146 cntra
189 4083 359 4167 psararant,
379 4085 415 4146 et
428 4098 547 4168 magna
559 4080 741 4157 multitudo
755 4079 999 4152 Germanorum
1014 4080 1168 4153 Rhenum
