2572 4688
132 278 211 383 nn
503 207 847 336 rnoaunrro.
959 324 972 351 .

134 461 308 542 mquam
332 449 477 540 pedibus
504 454 541 522 ln
567 453 713 523 insulam
739 450 940 520 transituris
961 448 1219 539 superveniente

134 569 234 628 aestu
252 557 415 645 abreptos
439 578 520 625 euos
539 558 588 625 ibi
611 557 806 645 dereliquit.
858 555 930 644 Qui
948 575 1063 621 omnes
1084 554 1221 621 fortiter

133 669 321 756 pugnantes
338 661 508 730 interfanti
525 669 606 731 sunt
624 669 760 751 praeter
771 679 873 727 unum
887 657 930 731 Ρ.
946 657 1144 740 Soaevinm,
1165 659 1221 744 qui

134 767 232 834 eolus
253 765 394 832 relictus
415 773 513 834 eruto
535 768 660 834 amieeo
673 774 709 834 et
726 764 921 834 vulneribus
934 763 1051 830 multis
1072 763 1223 854 eooeptio

134 868 171 936 iu
190 890 312 957 aquam
331 867 465 937 insiluit
482 879 517 937 et
537 868 683 955 natando
698 870 818 939 evasit.
860 867 936 935 Hor
950 867 1156 935 detrimento
1170 888 1224 934 ao-

134 979 235 1064 oapto
254 970 382 1041 Caesar
399 975 510 1042 elaese
532 974 686 1043 Gadibus
708 972 872 1041 aresssita
891 994 968 1044 oum
989 969 1147 1038 omnibus
1169 992 1224 1038 oo-

136 1076 262 1167 pileto
283 1077 427 1146 insulam
452 1086 686 1165 transgressus
707 1077 821 1167 inopie
834 1075 1045 1143 'cibariorum
1065 1074 1225 1141 laboren-

136 1187 194 1247 ooo
207 1179 307 1246 laoile
323 1181 359 1247 iu
376 1188 576 1271 potestatem
595 1181 740 1271 redegit.
782 1179 907 1250 lisdem
921 1179 1064 1248 navibus
1079 1179 1224 1267 Brigan-

138 1282 245 1366 tium,
274 1284 435 1374 oppidum
459 1285 666 1369 Gallaeoiae,
696 1291 963 1372 aggressusest,
982 1285 1079 1349 ouius
1094 1283 1225 1375 inoolse

138 1386 218 1478 ipso
229 1389 364 1473 elensis,
381 1412 481 1480 qnam
494 1412 674 1480 numquam
688 1396 787 1457 antea
800 1386 963 1469 viderant,
982 1384 1133 1485 strepitu
1150 1404 1225 1474 per-

139 1492 256 1559 territi
278 1494 351 1561 eine
371 1517 464 1563 mora
486 1517 524 1563 se
545 1493 758 1563 dediderunt.
808 1491 867 1560 Sio
887 1490 1029 1559 devietis
1047 1489 1226 1566 Lusitanis

139 1602 178 1663 et
191 1592 356 1665 Gallaeois
369 1599 555 1691 imperator
568 1623 588 1666 a
604 1597 771 1666 militibus
783 1596 974 1686 appellatus
994 1602 1061 1665 est.
1104 1595 1227 1684 Neque

104 1710 109 1719 '
141 1712 223 1768 vero
240 1701 397 1786 bellicam
411 1712 542 1771 tautum
560 1704 625 1771 sibi
639 1700 774 1771 laudem
791 1699 1017 1793 rumperent,
1044 1698 1227 1766 sedetiam

137 1804 350 1893 reliquarum
369 1827 481 1875 rerum
505 1803 796 1873 administratione
816 1802 901 1868 bene
914 1799 956 1868 de
969 1802 1143 1890 provincia
1162 1824 1227 1869 me-

141 1905 225 1973 ruit.
269 1903 359 1972 Nam
378 1914 415 1972 et
434 1908 583 1988 tributa,
610 1929 697 1995 quae
710 1906 871 1975 Metellus
885 1907 1113 1995 imposuerat,
1141 1928 1230 1974 ase·

143 2012 228 2072 natu
249 2016 290 2075 ut
311 2011 586 2095 remitterentur,
610 2009 804 2098 impetravit
819 2017 854 2076 et
868 2009 1080 2076 oeuoordiam
1096 2011 1132 2077 in
1147 2012 1229 2079 eivi-

143 2110 273 2179 totibns
300 2115 455 2181 restituit
481 2114 572 2182 inter
598 2113 783 2181 creditores
811 2113 958 2191 maxime
982 2135 1021 2181 ao
1048 2112 1230 2200 debitores,

142 2232 231 2302 quos
252 2217 388 2311 tertiam
408 2225 538 2308 partem
554 2217 723 2286 redituum
737 2222 881 2301 tenere,'
891 2220 1042 2307 reliquas
1056 2215 1142 2286 duaa
1157 2242 1231 2288 ore-

143 2314 333 2402 ditoribus,
354 2321 467 2409 quoad
487 2323 634 2390 solutum
649 2328 741 2391 esset
755 2342 894 2404 nemen,
915 2322 1035 2389 eadere
1052 2322 1176 2407 luisit,
1196 2330 1231 2392 st

143 2423 340 2490 nominatim
360 2424 616 2508 Gaditanorum,
636 2449 703 2516 qua
715 2448 756 2494 ex
768 2427 906 2494 eivitote
921 2424 963 2494 L.
977 2424 1135 2494 Cornelio
1150 2428 1231 2495 Bal-

143 2523 188 2592 bo
212 2547 274 2615 par
294 2525 492 2618 Pompeium
513 2531 586 2597 eive
604 2529 759 2599 Romano
779 2532 869 2598 fa'eto
884 2530 1099 2597 familiariter
1113 2532 1232 2601 uteba·

144 2634 221 2713 tur,
248 2632 497 2701 ooutrousrsiae
517 2632 670 2718 sedavit,
696 2637 773 2702 iure
793 2634 945 2722 ipsorum
967 2634 1139 2722 permissu
1160 2643 1232 2702 sta-

144 2734 233 2817 tuit,
251 2732 471 2805 inveteratam
486 2738 653 2826 quondam
666 2737 858 2807 barbariam
880 2759 921 2803 ex
942 2758 1059 2804 eorum
1079 2739 1231 2805 moribus

145 2834 395 2929 disciplinaque
415 2839 554 2911 delevit.
603 2839 672 2909 Sed
684 2830 730 2910 'e't
750 2841 878 2908 milites
897 2842 1127 2929 locupletasse
1144 2848 1181 2908 et
1198 2843 1231 2910 in

146 2940 315 3008 nemrium
344 2944 498 3031 magnam
527 2946 701 3035 peruniur'n
723 2945 901 3026 intulisse,
932 2953 1005 3011 turn
1028 2964 1108 3010 varo
1130 2944 1231 3013 etiarn

52 3114 56 3123 ,
146 3062 242 3112 suam
255 3067 327 3114 rem
345 3049 546 3117 familiarem
560 3051 694 3118 auxisse
709 3074 749 3117 ex
762 3048 930 3139 Hispania
943 3049 1082 3122 dieitur.

249 3149 407 3241 Reliquit
435 3152 642 3243 previnolam
667 3176 733 3221 non
752 3161 947 3243 exspectato
969 3171 1168 3219 suooeasore
1193 3150 1231 3218 ad

149 3257 356 3348 triumphurn
390 3257 494 3326 simul
520 3260 798 3346 oonsulatumque
824 3257 1005 3348 petendum
1036 3277 1231 3344 properans.

59 3401 63 3408 ι
149 3362 220 3432 Sed
234 3362 459 3450 triumphum,
487 3384 586 3453 quem
600 3383 795 3431 conoessum
809 3384 828 3428 a
842 3369 962 3430 senatu
976 3359 1231 3445 magnificentie

148 3465 234 3534 sime
264 3474 430 3557 apparare
454 3469 492 3536 in
518 3467 692 3536 suburbiis
718 3473 895 3557 coeperat,
930 3464 1107 3556 petitionis
1134 3484 1231 3530 oarrsa

150 3571 365 3655 consulatue,
390 3581 571 3663 postquam
593 3570 744 3640 absentie
763 3571 852 3639 rotie
869 3577 911 3664 ut
925 3570 1126 3650 haberetur,
1148 3568 1231 3635 obti-

150 3696 232 3741 nere
245 3695 311 3740 non
324 3670 437 3765 potuit
452 3675 579 3744 Getone
592 3675 736 3744 maxime
750 3671 954 3764 impediente
969 3682 1005 3742 et
1018 3671 1106 3744 diem
1126 3679 1231 3738 extre·

151 3798 240 3845 mum
256 3777 398 3846 dioando
413 3782 595 3864 eximente,
616 3780 749 3848 dimisit
761 3779 862 3869 idqu'e
877 3802 917 3846 eo
934 3778 1093 3866 aequiore
1114 3776 1231 3856 animo

57 3964 64 3977 l
151 3905 220 3972 que
242 3884 370 3952 maiora
393 3886 565 3951 oonsulenr
585 3907 661 3953 sese
674 3890 711 3953 ot
722 3906 764 3953 ex
777 3888 956 3952 oonsulatu
971 3887 1146 3971 gesturum
1161 3900 1231 3969 spe·

151 3987 261 4056 rabat.
304 3987 415 4076 Quem
438 3987 481 4054 ad
501 4011 594 4078 spem
615 3995 751 4080 praeter
772 3989 839 4054 alia
859 4009 966 4076 equus
990 3984 1134 4070 insignis
1155 3985 1231 4051 inei·

152 4100 246 4162 tasse
259 4115 335 4161 eum
349 4091 518 4181 traditur,
540 4115 639 4185 quem
654 4091 797 4186 pedibus
815 4091 1041 4162 anterioribus
1056 4110 1161 4181 prope
1175 4091 1231 4157 hu·
