2572 4688
18 266 62 365 f
137 300 173 353 a
446 248 449 253 ’
503 270 856 349 rnaararro.

141 465 233 535 dicta
252 465 376 548 relert,
404 485 491 557 quae
512 463 623 533 omnia
645 470 686 535 ut
704 463 747 532 ab
766 461 911 533 inimicis
923 467 970 553 *et
985 460 1112 555 partim
1127 463 1235 557 lougp

141 574 304 663 temporis
320 571 498 639 intervallo
512 573 664 660 prolata,
685 570 811 661 partim
826 568 869 635 ab
883 569 971 658 ipsis
984 574 1102 660 postea
1118 574 1236 634 retra-

141 664 251 755 ctata,
281 675 404 761 partim
430 675 503 740 sine
523 673 626 740 dnbio
647 694 752 760 supra
771 692 887 742 vorum
907 672 1111 762 amplificata
1131 671 1235 753 nihil,
1268 668 1278 727 st

140 778 206 845 nisi
227 776 333 857 luisse
354 776 477 865 diuque
495 773 682 845 obtinuisse
695 796 863 841 rumorem
876 776 981 842 istum
995 774 1235 863 comprobant.
1273 766 1278 919 1

139 879 221 971 lpse
242 879 377 968 quidem
400 879 533 950 Gallico
558 878 728 966 triumpho
751 878 917 946 militibus
938 880 1030 946 inter
1050 880 1116 945 alio
1137 876 1235 945 ludi-

139 982 216 1052 bria
240 982 396 1051 licentiae
416 983 633 1075 triumphalis
656 981 832 1071 subactum
856 1006 876 1050 a
896 981 1081 1052 Nicomede
1102 980 1235 1052 Gaesa-

139 1109 212 1179 Ιτοι
227 1086 441 1154 cantantibus
458 1088 588 1177 reliqua
605 1086 820 1177 aequissimis
836 1089 975 1155 auribus
991 1087 1138 1176 accepit,
1164 1086 1234 1153 boo
1265 1096 1270 1109 '

139 1182 243 1285 unum
264 1191 413 1277 graviter
435 1192 516 1258 tulit
540 1190 643 1273 adeo,
670 1198 710 1258 ut
726 1190 922 1264 eiurarorit.
963 1188 1131 1259 Pecuniae
1148 1208 1234 1257 vero

141 1294 260 1365 clienti
295 1292 430 1363 debitae
457 1293 588 1362 exactio
615 1318 682 1362 non
705 1294 872 1383 estquod
897 1300 1073 1384 praetexta
1100 1294 1237 1383 potius,

140 1390 241 1491 ’Ψιαω
256 1402 334 1465 ve‘ra
349 1397 551 1488 repetendae
565 1397 747 1488 Bithyniae
762 1421 863 1465 causa
875 1397 983 1466 rideri
997 1397 1130 1479 debeat,
1153 1416 1236 1463 cunr

142 1523 199 1571 aes
223 1501 369 1568 alienum
384 1500 563 1570 Nicomedi
584 1526 648 1571 non
671 1502 798 1591 magis,
826 1524 926 1591 quam
943 1497 1184 1572 Caesarifides
1197 1504 1264 1567 et-

141 1604 292 1675 studium
315 1626 395 1692 erga
417 1606 558 1672 clientes
574 1604 722 1676 deesset.
766 1605 919 1677 Classem
941 1596 1057 1673 utrum
1081 1601 1258 1670 adduxe·-

140 1711 206 1793 rit,
234 1732 276 1776 an
297 1730 382 1791 non,
410 1709 576 1777 incertum
598 1719 671 1792 est,
707 1708 768 1779 sed
790 1711 921 1799 reliqua
941 1710 1063 1776 militia
1080 1704 1236 1775 secunda

106 1802 229 1882 ·.·Ῐειιια
244 1813 312 1880 luit
325 1819 360 1879 et
374 1834 394 1879 a
406 1813 554 1880 Thermo
566 1813 601 1881 in
613 1814 859 1905 expugnatione
871 1813 1113 1905 Mytilenarum
1133 1831 1236 1878 coro·

140 1926 184 1986 na
197 1915 301 1985 civica
317 1913 460 1982 donatus
475 1920 541 1984 est.

43 2022 48 2040 '
119 2022 129 2065 -'
147 2106 151 2111 Ι
244 2019 413 2085 Thermus
433 2017 467 2083 in
484 2017 654 2109 provincia
670 2038 898 2086 successorem
916 2039 1001 2085 anno
1012 2013 1235 2087 ucLXXV.

140 2121 184 2193 G.
205 2119 385 2191 Claudium
407 2119 575 2189 Neronem
598 2122 734 2189 habuit:
766 2120 893 2189 Caesar
913 2145 998 2190 anno
1017 2127 1181 2209 sequente
1195 2118 1236 2186 in

139 2222 262 2297 Cilicia
277 2224 340 2293 sub
356 2222 397 2295 Ρ.
414 2222 671 2312 ServilioVatia
686 2230 805 2317 postea
819 2224 1077 2301 Isaurico-dieto
1093 2225 1237 2305 meruit,

18 2392 22 2403 ‚
139 2324 201 2419 sed
224 2327 319 2395 brevi
347 2335 512 2418 tempore.
549 2329 710 2399 blortuo
735 2330 822 2396 enim
845 2329 962 2413 Sulla,
999 2332 1094 2398 cuius
1124 2330 1234 2396 etiam
1261 2318 1264 2325 ’

24 2432 28 2439 ’
139 2431 357 2520 superstitis,
383 2431 446 2500 sed
460 2433 526 2501 iam
543 2430 700 2526 deposita
717 2432 888 2501 dictatura
907 2435 1032 2525 privati
1052 2442 1129 2501 acta
1150 2452 1237 2499 con-

36 2563 39 2570 ·
138 2538 265 2606 vellere
288 2536 338 2605 Μ.
360 2537 533 2605 Aemilius
549 2536 702 2629 Lepidus
723 2540 800 2608 novi
820 2538 896 2605 anni
917 2541 1035 2607 consul
1053 2535 1143 2628 apud
1156 2539 1235 2627 ple*
1257 2542 1278 2637 1

139 2638 216 2709 bem
233 2640 404 2736 gratiosus
421 2663 487 2708 non
499 2642 572 2708 sine
587 2665 747 2710 successu
763 2650 939 2734 coeperat,
964 2641 1161 2712 vocantibus
1179 2642 1235 2709 la·
1255 2652 1278 2723 ,Ε

140 2745 333 2813 miliaribus
350 2745 452 2827 simul
468 2767 529 2834 spe
543 2744 783 2828 dissensionis,
806 2769 891 2836 quae
905 2769 967 2838 per
977 2746 1144 2837 Lepidum
1159 2768 1236 2815 mo·

140 2847 309 2930 rebatur,
328 2846 469 2914 Romam
492 2869 635 2939 propere
656 2849 772 2918 rediit.
802 2851 804 2854 ’
823 2850 893 2919 Sed
911 2851 1034 2941 bepidi
1053 2852 1235 2935 societate,

142 2953 295 3040 quamvis
324 2953 453 3038 magnis
480 2952 727 3021 conditionibus
750 2954 968 3036 invitaretur,
997 2950 1072 3022 cuin
1095 2955 1235 3042 ingenio

143 3056 217 3125 eius
235 3052 389 3136 diffisus,
410 3053 502 3143 quod
522 3057 625 3125 rebus
641 3058 824 3125 maioribus
839 3059 948 3148 impar
964 3060 1071 3126 luisse
1084 3047 1247 3146 videtur,

141 3164 214 3251 tum
236 3158 427 3240 occasione,
454 3181 553 3247 quam
575 3160 736 3230 minorem
751 3160 904 3252 opinione
919 3150 1124 3246 offenderat,
1154 3162 1238 3232 abs·

142 3260 257 3331 tinuit.
298 3258 374 3329 Nec
390 3261 444 3347 ⁴ita
465 3264 574 3331 multo
593 3273 673 3355 post
692 3265 739 3334 D.
756 3264 854 3335 lunio
875 3266 983 3334 Bruto
1007 3275 1043 3335 et
1058 3268 1235 3337 Mamerco

143 3364 295 3438 Aemilio
311 3363 443 3453 Lepido
463 3388 551 3440 coss.
569 3369 754 3463 composita
771 3360 833 3460 pei·
849 3369 895 3461 Q.
911 3370 1070 3442 Catulum
1087 3393 1237 3462 procon-

95 3465 97 3471 ’
130 3473 251 3566 ,ailam
268 3466 390 3537 seditio
407 3476 472 3541 est.

247 3571 377 3643 Caesar
398 3574 534 3642 interim
556 3575 801 3645 accusationem
824 3579 969 3668 parabat
993 3577 1056 3649 Gn.
1078 3574 1236 3651 Cornelii

72 3748 74 3752 ,
146 3676 368 3757 Dolabellae,
405 3679 464 3766 qui
491 3701 566 3755 cum
595 3688 676 3770 post
704 3685 914 3751 consulatum
940 3707 972 3754 a.
992 3682 1236 3761 DGLXXlll.

146 3803 222 3849 eum
244 3782 291 3851 Μ.
311 3779 429 3851 Tullio
444 3781 576 3851 Deculo
590 3791 721 3871 gestum
734 3789 917 3877 proconsul
929 3784 1158 3855 Macedoniam
1172 3787 1245 3875 adq

113 3901 116 3907 ·
148 3880 378 3955 ministrasset
402 3893 438 3954 ot
458 3885 570 3955 ¹redux
597 3889 810 3980 aprovincia
829 3890 873 3960 de
894 3889 1085 3959 Thracibus
1107 3889 1238 3960 trium.
1263 3938 1266 3943 .

147 3990 303 4077 phasset,
345 4010 366 4057 a
393 3990 658 4079 provincialibus
686 3978 949 4087 repetundarum
977 3990 1243 4085 postulabatur,

73 4170 100 4203 ·.
144 4092 298 4185 ipsisque
312 4094 493 4165 actionibus
513 4094 664 4187 (omium
677 4096 811 4171 (lollius
824 4099 927 4187 citat)
946 4099 1010 4169 boc
1028 4105 1237 4171 consecutus
1252 4124 1278 4241 p

1253 4250 1265 4365 i
