2572 4688
142 303 205 411 rs
401 296 473 368 na
501 294 686 367 nanno
715 290 970 368 onunrco

141 487 286 583 putabat
306 505 413 577 nequo
432 486 582 555 homines
600 485 736 554 inimico
760 484 871 553 animo
884 480 966 551 date
985 479 1152 549 facultate
1168 499 1233 571 per

142 575 349 671 provinciam
378 575 513 642 itineris
537 574 687 642 faciundi
711 580 965 665 temperaturos·
981 569 1024 638 ab
1048 568 1175 636 iniuria
1196 572 1233 635 et

143 663 309 735 maleficio
332 662 567 730 existimabat:
605 669 736 744 tamen,
774 669 815 728 ut
840 660 990 752 spatium
1019 654 1235 724 intercedere

139 759 279 845 posset,
300 746 379 817 dnm
395 751 540 834 milites,
560 772 646 838 qnos
660 752 905 840 imperaverat,
925 745 1160 826 convenirent,
1181 746 1235 810 le-

140 841 234 930 gatis
253 837 432 928 respondit
451 839 541 906 diem
558 860 596 906 se
610 838 653 904 ad
667 835 921 905 deliberandum
935 840 1172 924 sumpturum:
1200 829 1235 898 ai

53 996 56 1003 ,
143 926 377 1019 quidvellent,
399 925 443 993 ad
457 924 541 995 ldus
555 927 692 1017 Aprilis
708 932 971 993 reverterentur.
1032 924 1067 992 8·
1094 918 1236 988 Interea

78 1014 82 1021 ’
143 1038 185 1085 ea
204 1015 355 1105 legione,
380 1036 482 1104 quam
505 1034 618 1083 secum
639 1014 804 1097 habebat,
831 1010 1086 1100 militibusque,
1114 1006 1177 1096 qni
1192 1027 1235 1073 ex

175 1185 290 1241 perque
307 1185 356 1225 eoo
373 1175 548 1227 tremueris
561 1188 621 1226 uno
637 1173 782 1241 deliquiae
808 1170 861 1224 eud
877 1170 931 1222 lcoe
945 1168 1014 1236 lupo
1029 1167 1161 1220 dicimur
1176 1163 1236 1216 Ae·

178 1257 252 1310 quoe
267 1244 359 1295 misit.
392 1245 447 1294 sed
464 1244 644 1313 inires-12,
662 1243 696 1311 5,
718 1250 750 1294 ut
766 1242 795 1293 iu
811 1241 926 1306 reliquls
942 1239 1018 1291 Livii
1032 1238 1119 1306 locis,
1148 1247 1236 1289 accu-

172 1314 289 1379 sativus
304 1320 396 1364 oenus
413 1314 466 1363 est.

217 1384 396 1444 sumpturum]
427 1384 511 1445 Bong.
533 1381 569 1431 A.
594 1389 621 1432 ec
645 1390 738 1431 omnes
760 1377 814 1430 mei
836 1373 1160 1440 consonantium,
1189 1368 1236 1437 qul

180 1452 209 1504 n.
225 1453 246 1503 l.
263 1454 292 1501 et
309 1451 407 1515 ubique
423 1450 452 1502 in
469 1453 520 1503 lroc
537 1455 565 1502 et
581 1449 609 1501 in
627 1450 761 1513 similibus
776 1461 797 1514 p
814 1447 935 1499 litteram
952 1445 1051 1498 omisit.

53 1543 57 1549 ·
151 1562 155 1567 »
215 1521 252 1574 ad
275 1520 353 1579 Idus]
382 1520 424 1571 Ab
440 1522 491 1572 iao
508 1521 630 1571 codicum
647 1518 784 1582 scriptura
801 1515 856 1581 ita,
870 1523 915 1573 ,nt
933 1518 988 1566 oti
1006 1521 1076 1563 extr.
1094 1510 1122 1561 in
1139 1506 1236 1561 verbis

139 1648 142 1653 ,
180 1604 209 1644 a.
222 1590 253 1642 d.
266 1601 294 1640 r.
308 1590 374 1641 Kal.
396 1595 425 1640 et
446 1589 599 1654 ubicunqne
616 1602 712 1641 nomen
730 1588 870 1638 numerale
883 1585 1019 1650 seqnitur,
1035 1576 1193 1633 discedendi
1207 1585 1236 1628 et

181 1672 244 1712 cnm
263 1660 420 1724 scaligero,
444 1659 513 1710 ilud.
532 1666 561 1709 et
584 1658 648 1710 aliis
668 1673 696 1710 a.
716 1657 746 1708 d.
766 1657 835 1707 idus
855 1653 990 1705 scribendi
1011 1663 1096 1703 cansa
1117 1662 1172 1701 non
1192 1656 1236 1698 eet

183 1730 258 1780 visa.
291 1727 412 1779 'trecenti
432 1727 532 1779 octav.
545 1727 583 1781 87
606 1741 700 1778 omnes
717 1732 871 1789 agnoscunt
886 1724 924 1775 ad
937 1718 1236 1783 rocacardensem,

182 1809 270 1863 neque
284 1795 425 1848 ciceronis
439 1796 520 1849 catil.
529 1801 555 1860 t,
571 1799 589 1846 8
606 1797 637 1847 in
648 1796 806 1847 antediem
818 1793 965 1846 Kalendas
976 1789 1150 1859 Nouembris
1163 1787 1236 1850 legia

182 1876 246 1930 tur,
270 1872 303 1917 nt
314 1865 414 1916 editum
427 1873 471 1916 est
483 1866 512 1918 in
523 1866 698 1920 anslrmnii
708 1878 822 1930 gramm
840 1878 868 1928 p.
882 1861 952 1929 408,
975 1861 1067 1913 sedin
1078 1861 1148 1912 onte
1161 1856 1237 1910 Mem

182 1935 323 2064 w
341 2003 405 2064 Μ.
436 2003 484 2061 ea]
499 2012 553 2053 cm.
569 2000 652 2053 vind.
669 2005 704 2052 A.
721 2010 750 2053 et
767 2002 853 2054 codex
869 1997 1027 2065 Turrisani,
1050 1999 1079 2049 et
1094 1997 1190 2062 potest
1202 2006 1237 2044 ex

164 2112 169 2117 .
182 2070 365 2139 proximarum
384 2071 527 2122 iteratione
540 2072 692 2123 litterarum
705 2079 793 2122 ortum
804 2070 909 2135 videri,
933 2068 1093 2133 praesertim
1107 2080 1169 2118 curn
1181 2063 1237 2114 mi-

182 2141 336 2207 litibusque
349 2147 494 2204 sequatur,
510 2152 563 2191 non
577 2140 670 2206 iisque
682 2141 742 2193 mit.
776 2142 830 2190 Sed
844 2140 905 2200 pari
917 2139 994 2189 modo
1006 2138 1040 2187 ob
1050 2136 1177 2199 proxima
1189 2134 1238 2184 illa

182 2211 339 2274 neglectum
358 2221 377 2260 a
395 2208 516 2260 librariis
535 2211 582 2261 vel
602 2218 712 2273 propter
729 2209 871 2272 sequentia
886 2211 1009 2259 consulto
1028 2207 1160 2257 omissum
1173 2215 1237 2254 esse

183 2284 292 2347 potest,
314 2291 376 2337 cum
393 2278 513 2342 scriptor
530 2278 732 2342 perspicuitatis
744 2278 833 2346 gratia
846 2278 995 2329 ablativum
1007 2276 1108 2340 prioris
1121 2271 1237 2326 nominis

183 2358 319 2415 personas
339 2345 537 2414 significantis,
561 2350 610 2400 sed
631 2362 701 2412 qnae
721 2349 961 2399 instrumentorum
973 2346 1037 2396 vice
1050 2346 1238 2409 iungerentur,

182 2427 238 2470 non
257 2417 359 2485 solum,
382 2417 432 2467 sed
449 2417 603 2480 pronomine
616 2419 694 2484 quasi
707 2418 805 2470 comite
817 2425 926 2470 anctum
938 2422 966 2466 et
980 2414 1176 2480 amplificatum
1187 2425 1239 2463 ex-

147 2571 295 2626 tleeoaum
309 2572 483 2637 persecutus
496 2583 674 2640 rursumque
768 2574 831 2623 dun
843 2569 944 2622 milites
953 2567 1144 2630 convenirent]
1163 2570 1239 2622 num

149 2642 185 2695 ab
203 2640 309 2695 endan
328 2640 440 2694 immas
457 2640 674 2697 circumventor
717 2649 824 2706 tempus
837 2640 917 2692 unius
930 2641 1063 2706 relidam,
1083 2640 1153 2703 qnod
1165 2640 1239 2691 alte·

150 2709 262 2765 ocrim
279 2711 332 2762 est.
715 2713 775 2762 rius
788 2723 850 2760 ease
865 2710 1039 2765 demonstrat.
1061 2711 1123 2761 Una
1134 2721 1182 2759 res
1196 2709 1239 2758 est

202 2779 417 2842 temperaturos]
452 2779 674 2844 l'emperamento
716 2779 891 2844 congregatio
909 2779 1041 2846 militnm,
1064 2779 1155 2830 altera
1171 2790 1239 2843 spa·

149 2856 180 2901 et
195 2851 273 2902 modo
289 2849 406 2902 edicibile
422 2849 561 2901 abstinere
581 2852 616 2902 alt
630 2852 674 2901 ln·
717 2849 783 2900 tium
790 2848 960 2899 intercedens
974 2857 1139 2916 seutempns
1149 2848 1240 2911 ipsum

138 2916 224 2970 iuria
243 2916 366 2970 breviter
380 2918 416 2970 ab
433 2917 547 2971 iniuria
564 2922 675 2986 tempe-
715 2920 880 2984 decurrens,
907 2932 985 2982 quem
1005 2921 1148 2969 decursum
1165 2916 1239 2968 Gae-

151 2999 225 3040 rore
237 2987 313 3053 dixit,
332 2990 362 3039 n't
371 2987 504 3052 Virgilius
517 2992 586 3039 Aen.
601 2993 628 3056 2,
642 2993 673 3043 8:
718 3001 766 3040 sar
777 3001 831 3039 non
844 2987 919 3051 prins
934 2987 1005 3039 liniri
1019 2988 1139 3049 volebat,
1158 2998 1239 3050 quum

151 3057 219 3124 quie
231 3056 306 3110 tolia
318 3057 410 3124 raudo
428 3060 572 3123 temperet
591 3074 611 3110 e
629 3062 675 3110 la·
716 3058 831 3110 militnm
844 3059 1088 3123 congregationem.
1119 3055 1240 3108 coniun-

151 3120 277 3179 erasm
310 3133 339 3178 et
352 3135 449 3178 auctor
461 3129 497 3178 ad
509 3128 675 3180 Herennium
718 3128 809 3178 otivus
839 3140 897 3179 rem
923 3128 1085 3192 cogitatione
1107 3122 1241 3177 caesaris

147 3200 188 3262 -2,
208 3195 239 3256 s.
260 3198 310 3247 29:
333 3197 382 3246 otei
402 3196 511 3248 mirum
526 3198 675 3251 uidebitur
718 3196 850 3249 contineri
868 3197 1021 3260 significat,
1048 3196 1241 3258 imperfectum

151 3265 247 3316 mlum
263 3279 282 3317 o
301 3264 440 3331 maleficio
454 3266 578 3332 propser
588 3281 676 3320 ocer-
717 3266 882 3318 narrationis
895 3279 981 3318 causa
993 3265 1109 3328 positum
1121 3271 1173 3314 est.
1195 3261 1240 3314 cl.

140 3335 260 3396 „rimam
283 3335 469 3401 fecundiorem
487 3350 546 3389 nott
564 3339 675 3405 tempe·
718 3336 818 3389 Raudii
829 3336 1001 3401 lureellinns
1018 3336 1050 3387 'l.
1065 3335 1104 3385 ll.
1118 3347 1145 3397 p.
1158 3334 1224 3384 aaa.

153 3398 262 3457 roste?
769 3405 853 3466 diem]
872 3413 977 3469 tempus
988 3402 1177 3455 deliberationi
1191 3403 1241 3456 de-

204 3481 236 3526 nt
255 3470 372 3534 spatium
384 3471 552 3525 intercedere
566 3478 674 3539 posset]
718 3473 847 3525 stipatum
877 3482 905 3525 et
935 3474 1065 3526 hactenns
1090 3472 1240 3538 delinitum,

153 3540 229 3595 luter
240 3553 371 3605 praesens
384 3549 464 3605 atque
478 3542 546 3594 illud
557 3552 674 3612 tenpus,
718 3551 837 3594 oeterun
851 3541 983 3594 inlinitum
996 3551 1024 3593 et
1036 3543 1116 3605 spatii
1134 3542 1241 3592 incerti.

153 3623 207 3676 quo
220 3611 251 3661 vl
266 3609 421 3673 prohibendi
439 3614 531 3665 iorent
542 3614 673 3680 Helvetii,
718 3614 795 3672 Quod
805 3612 830 3662 sl
840 3613 919 3663 unius
928 3614 981 3664 diei
993 3621 1045 3678 est,
1060 3613 1121 3663 dies
1130 3622 1242 3661 mascu-

155 3681 275 3743 spatinm
289 3691 337 3728 seu
349 3679 526 3732 intervallum
542 3684 675 3747 interponi
718 3682 775 3733 lino
789 3694 889 3745 genere
904 3684 1027 3748 ponitur,
1045 3689 1075 3732 nt
1090 3681 1148 3732 Cic.
1160 3679 1241 3731 Fam.

153 3750 265 3800 volebat
278 3749 391 3817 caesar,
405 3748 485 3814 idque
497 3755 611 3817 musio
624 3755 675 3805 de·
717 3753 747 3816 7,
766 3749 817 3802 24:
845 3764 929 3817 quem
944 3753 1033 3804 uellet
1054 3751 1145 3802 alium
1163 3750 1241 3801 diem

151 3816 180 3869 ri
196 3817 222 3868 ei
241 3817 370 3884 tempori,
392 3831 446 3882 quo
457 3820 558 3874 milites
570 3836 674 3875 conve·
716 3821 743 3872 st
760 3820 945 3887 sumpsisset,
972 3834 1017 3875 me
1031 3821 1059 3874 ei
1071 3834 1131 3872 rost
1150 3820 1242 3888 defu·

152 3885 253 3966 nitent.
291 3887 321 3938 Sl
338 3889 431 3943 statim
447 3901 591 3963 negasset,
614 3900 674 3946 sta-
716 3892 828 3943 iurum.

154 3955 299 4009 innormis
314 3959 560 4013 utendumluisset
595 3963 674 4014 idne
769 3957 874 4024 siquid
892 3959 1009 4018 vellent]
1039 3960 1100 4009 lion
1117 3955 1244 4020 fugiebat

153 4024 249 4093 tieret,
286 4037 444 4088 responsum
466 4027 495 4082 in
527 4031 674 4096 longiorem
717 4029 881 4094 caesarem,
904 4030 1106 4096 patavensis,
1129 4028 1181 4079 sed
1201 4027 1243 4075 ita

154 4093 390 4149 dlemreiicieoat.
423 4097 470 4150 alo
484 4099 545 4157 lieri
558 4109 673 4172 poterat,
716 4113 749 4150 se
762 4107 923 4163 occupatum
940 4099 1069 4165 simulat,
1093 4095 1183 4161 utqui
1196 4093 1241 4148 ni-

153 4164 313 4228 atepatiun
326 4165 519 4225 intercederet.
715 4167 1000 4236 lildumoognoverlt.
