2572 4688
120 280 144 348 2
375 274 446 345 DE
474 273 657 346 tutto
687 275 938 351 arctico
991 302 995 307 ·

82 469 104 531 2
124 487 189 552 gua
206 464 339 547 Celtae,
358 473 475 532 nostra
490 465 582 534 Galli
597 468 823 557 appellantur.
886 466 935 534 lli
949 486 1063 535 omnes
1077 468 1209 556 lingua,

122 554 309 632 institutis,
335 553 467 639 legibus
484 555 573 620 inter
590 576 627 619 se
642 554 813 624 differunt.
858 554 977 623 Gallos
998 557 1040 620 ab
1053 556 1208 644 Aquita-

124 643 177 706 nis
199 640 368 709 Garumna
389 642 528 722 flumen,
556 663 576 706 a
595 640 712 726 Belgis
725 643 882 709 Matrona
897 652 931 709 et
949 643 1106 732 Sequana
1120 644 1207 713 (livi-

82 733 102 793 3
125 726 187 795 dit.
255 727 387 795 Horum
409 729 554 792 omnium
570 729 749 795 fortissimi
764 729 999 815 sunthlgao,
1022 739 1207 820 propterea

121 812 213 902 quod
236 838 255 880 a
275 817 369 880 cultu
389 822 489 902 atquc
509 816 715 884 humanitate
730 818 920 903 provinciae
933 820 1130 904 longissime
1146 823 1203 887 ab·

120 909 218 984 sunt,
247 903 447 990 minimeque
468 901 512 967 ad
534 923 593 968 eos
612 912 816 971 mercatores
830 927 931 993 saepe
945 916 1134 973 commeant
1153 917 1206 976 at-

119 1013 185 1079 que
206 1012 264 1071 ea,
293 1011 378 1078 quae
404 989 447 1055 ad
466 988 703 1056 effeminandos
724 993 852 1057 animos
870 994 1059 1078 pertinent,
1086 995 1204 1084 inpor-

119 1085 212 1158 tant,
239 1076 448 1166 proximique
469 1084 549 1147 suut
570 1076 768 1159 Germanis,
818 1079 853 1144 ui
867 1085 960 1144 trans
976 1080 1131 1147 Rhenum
1150 1084 1202 1150 in·

119 1167 252 1243 colunt,
286 1165 484 1252 quibuscum
510 1165 721 1231 continenter
740 1166 781 1230 lte
835 1188 867 1230 m
889 1176 1029 1254 gerunt:
1064 1192 1131 1257 qna
1161 1170 1204 1238 (le

117 1273 219 1340 causa
240 1250 391 1320 Helvetii
421 1273 554 1340 quoque
584 1252 733 1341 reliquos
764 1252 901 1349 Ganos·
916 1254 1042 1322 uirtute
1065 1280 1206 1345 praece-

146 1442 151 1463 ÷
184 1428 371 1492 eppeusutur]
399 1428 746 1495 concucurrerunt
775 1431 845 1493 quud
876 1431 1059 1485 seruauerunt
1091 1436 1202 1489 codices

149 1508 335 1561 nonuunquam
354 1506 382 1548 ct
398 1496 556 1565 quibusdam
575 1497 712 1549 inretitis
731 1499 832 1549 iecisse
847 1497 992 1552 Caesarem
1006 1505 1202 1569 demonstrent,

52 1560 55 1570 '
148 1571 179 1617 ut
201 1568 398 1619 assimilatione
422 1569 602 1638 manicaret„
615 1566 645 1618 in
670 1567 808 1633 plerisque
833 1570 957 1641 ominbus
980 1571 1083 1625 iactum
1107 1575 1144 1624 sb
1169 1587 1202 1626 eo

147 1636 254 1689 mittit·
420 1634 424 1641 '
910 1674 915 1683 ·
940 1640 945 1649 '
981 1642 984 1647 '

181 1705 208 1764 s.
228 1707 254 1756 3.
295 1702 444 1768 inportant]
472 1704 556 1779 lioug3
578 1707 613 1756 A.
636 1707 713 1770 ugni.
737 1692 827 1757 uret(
843 1698 886 1757 A':
906 1704 985 1758 (ioth.
1007 1706 1039 1761 B.
1060 1709 1145 1762 Viud.
1168 1710 1202 1762 F.

145 1774 243 1827 numo.
259 1786 313 1824 nou
329 1774 396 1840 imp.
898 1778 902 1787 '
1216 1808 1219 1815 ·

178 1844 360 1907 proximique]
380 1840 514 1913 prostrat
531 1842 614 1906 lioug.
628 1841 659 1892 c.
673 1839 753 1893 carr·
771 1838 848 1905 Liris.
860 1843 918 1919 lu,
933 1842 1056 1896 Pertinet
1070 1847 1120 1896 hoc
1131 1860 1202 1912 qno

143 1925 197 1976 que
220 1912 256 1964 ed
281 1913 463 1962 tortitudinem
483 1910 630 1975 Belgarum
651 1911 764 1975 ideoque
781 1922 835 1962 uon
852 1911 905 1977 uisi
923 1923 1053 1965 comate
1070 1928 1088 1968 a
1106 1918 1201 1979 proxi-

142 1981 196 2035 mis
215 1980 387 2031 dividendum
403 1983 455 2033 est.
520 2030 524 2035 ,
820 2018 834 2031 ..

179 2051 279 2110 cauea]
307 2063 411 2101 cnosso
433 2044 501 2098 0ud.
525 2053 636 2097 atrctore
657 2043 821 2106 ouintssiano
830 2044 868 2115 '13
885 2048 918 2113 7,
936 2050 980 2101 20.
1005 2051 1091 2112 Quem
1107 2053 1132 2103 st
1151 2067 1200 2107 ρο.

144 2116 252 2169 dicibus
277 2119 376 2182 ubique
400 2130 490 2171 onemo
512 2114 699 2164 exhibentibus
715 2114 1083 2185 praefer-eluditmputamus,
1114 2124 1199 2177 etlam

142 2198 243 2238 cussus
270 2187 299 2237 et
321 2187 378 2238 alia
402 2182 592 2250 probabimus:
621 2195 691 2253 quine
715 2184 960 2257 quoulemindnito
977 2196 1089 2252 suntet
1105 2200 1199 2246 certes

142 2256 255 2323 regulas
271 2267 325 2307 non
341 2255 456 2331 habeut,
486 2253 594 2305 codices
612 2252 691 2305 nohis
703 2252 1030 2335 potioresessessdel'teut.

105 2413 204 2465 teram
223 2408 280 2474 legi
298 2407 405 2461 codices
418 2408 523 2467 iubent]
546 2406 631 2460 tadu·
673 2409 774 2467 Beluae
787 2408 961 2461 remotissimi
973 2421 1052 2465 erant
1065 2428 1083 2466 a
1097 2410 1198 2466 duilius

104 2483 205 2533 lurum
227 2493 380 2531 nonarum.
426 2480 521 2539 ltaque
543 2493 631 2531 utmru
674 2480 782 2529 Galliac
795 2480 943 2545 ¹ulterioris
974 2483 1087 2546 eiusque
1115 2487 1197 2537 anun

106 2557 212 2617 purtem
247 2548 407 2601 Germanice
436 2538 512 2601 tlttttt
542 2538 630 2613 ssdtllp
674 2555 754 2609 etque
768 2544 964 2617 dumottitute,
987 2564 1100 2614 quorum
1120 2558 1197 2616 prius

105 2619 196 2679 ulium
212 2612 288 2673 tittttt
301 2616 415 2680 auten,
442 2617 564 2679 tertium
580 2630 630 2683 ιι-
673 2614 903 2667 externam'r'itee
916 2618 1062 2686 rationem,
1086 2624 1197 2674 nebda-

104 2700 137 2743 ro
161 2701 215 2741 nou
241 2688 296 2739 ium
322 2683 397 2742 tittttt
420 2681 534 2753 dritten,
561 2685 631 2751 quod
672 2685 770 2749 tionis,
798 2687 970 2753 vestimenti,
994 2691 1197 2765 oblectationis,

106 2757 247 2813 ciceronis
261 2756 305 2808 illi
316 2758 378 2809 ioco
392 2762 485 2820 aptum
499 2765 552 2818 est,
570 2756 628 2822 sed,
671 2750 859 2818 occupationis
898 2757 1051 2810 cotidianae
1086 2764 1196 2815 moduni

104 2828 170 2893 quia
198 2840 326 2879 numerus
352 2826 381 2877 in
406 2824 630 2888 praecedentibus
672 2826 900 2885 comprehendens
918 2838 968 2889 per
984 2841 1015 2879 se
1032 2831 1139 2883 mediae
1153 2831 1197 2883 si·

65 2943 70 2951 .
105 2895 299 2963 delinimenta,
314 2894 488 2958 interpretari
501 2894 629 2957 debemus
672 2893 932 2963 guittonnensem,
962 2898 1006 2947 cui
1024 2900 1196 2952 deliniendos

105 2965 156 3023 otti
181 2962 291 3024 tritten.
330 2965 422 3017 cause
447 2968 553 3027 eutem,
581 2974 631 3012 cur
673 2962 925 3016 nitereminservlt.
958 2967 1001 3016 ct.
1014 2970 1046 3034 6,
1066 2970 1115 3022 1⁹:
1141 2972 1195 3036 ru-

105 3046 288 3099 praegressos
310 3032 474 3085 definitionis
497 3030 630 3084 rationem
672 3043 747 3083 aero
770 3035 840 3084 suut
858 3046 915 3098 pro
939 3036 1021 3085 mdiu
1041 3034 1195 3091 doliorum

104 3104 254 3158 nabentem
274 3114 327 3153 uon
348 3105 474 3169 putaret,
502 3113 536 3152 ea
555 3107 626 3165 eret,
669 3098 823 3169 mapnlptco
843 3105 872 3153 et
891 3106 1067 3167 sumptuosa.
1110 3109 1194 3158 Hirtii

105 3174 176 3240 quod
188 3173 255 3225 nihil
267 3172 422 3238 interesset,
435 3177 627 3237 quampartem
670 3174 703 3236 8,
721 3173 771 3222 25:
797 3184 920 3238 quorum
937 3173 1042 3223 ciuitas
1061 3176 1143 3226 cuitu
1162 3178 1193 3233 et

103 3243 200 3309 primo,
214 3253 293 3305 quam
302 3243 418 3291 secundo
431 3241 490 3291 loco
505 3247 626 3303 poneret.
670 3240 792 3309 feritate
805 3248 863 3292 itote
877 3242 998 3294 multum
1008 3258 1027 3295 a
1039 3240 1194 3299 sermons

151 3310 213 3370 S·²·
229 3309 479 3370 Gallos—dividit]
493 3307 628 3360 aaudiat·
668 3309 829 3377 differebat.

53 3372 56 3380 ’
105 3380 190 3446 dunt,
202 3379 266 3443 quia
279 3380 369 3429 itornm
383 3378 519 3429 fluminum
529 3388 626 3449 untur-2
720 3380 901 3436 mercatores]
918 3378 1015 3441 quihus
1028 3379 1126 3432 cicero
1141 3394 1193 3446 pro

106 3451 229 3515 quodque
254 3462 305 3513 per
323 3460 353 3495 sc
373 3447 532 3513 divisionem
551 3449 626 3499 tacit.
668 3447 785 3500 Fonteio
803 3446 829 3508 8.
845 3449 859 3497 1
877 3448 1007 3500 retortam
1018 3450 1137 3503 Galliam
1149 3453 1193 3504 di-

106 3514 309 3570 Accurote'de
332 3518 381 3566 doc
406 3516 554 3580 singularis
575 3530 628 3568 usu
669 3517 716 3569 oli.

105 3580 232 3652 exposuit
248 3585 443 3638 liamshornius
463 3584 582 3636 Gratum.
599 3585 627 3645 s.
720 3582 871 3648 pertinent]
894 3582 978 3644 Quasi
991 3598 1024 3638 eo
1036 3586 1148 3639 tendtmt
1162 3596 1192 3639 et

105 3660 152 3710 tis.
178 3660 205 3711 2.
232 3671 257 3707 o·
297 3655 421 3706 osteum
448 3654 544 3705 Gallos
569 3656 627 3705 lio-
669 3656 777 3705 ducunt·
811 3652 855 3702 ct.
870 3651 930 3703 civ.
946 3657 978 3721 i,
995 3657 1029 3703 9:
1053 3669 1126 3720 quine
1139 3670 1192 3709 res

104 3720 345 3789 maeiutgoetios
358 3725 483 3777 dicebant
517 3724 627 3774 citerio-
668 3724 724 3776 etsi
745 3721 818 3773 utto
843 3722 882 3772 od
906 3723 1043 3775 testaudus
1061 3726 1191 3778 incurius

104 3795 145 3848 rte
166 3800 195 3847 et
215 3794 354 3849 ulterioris
374 3756 532 3858 provinciae
548 3794 626 3844 inco·
666 3791 819 3859 pertinere
836 3791 1017 3843 videbuntur.
1040 3793 1078 3843 in.
1096 3808 1122 3845 c.
1136 3797 1188 3849 35:

104 3864 167 3932 ies,
198 3877 285 3928 neque
310 3875 543 3925 supervacaneum
564 3868 625 3914 eret
668 3875 742 3928 quoe
755 3862 794 3913 od
807 3872 907 3913 eorum
919 3862 1190 3918 rmwndusmcntes

102 3936 196 3985 statim
210 3934 285 3985 initio
297 3932 520 3997 significationem
537 3926 624 3984 u'ornl-¹
663 3930 818 3998 pertinere
831 3931 1043 3982 arbitrabatur.

101 4002 144 4053 uie
159 4005 309 4056 declarare.
717 4001 827 4060 Gallos]
844 3998 946 4052 Celtas.
975 4000 1042 4052 cun
1056 4001 1190 4054 hoesde-

153 4070 181 4133 S.
194 4074 220 4123 3.
254 4068 410 4136 longissime
425 4069 536 4130 absunt]
553 4067 623 4119 Pro·
665 4069 777 4133 scriptio
809 4069 918 4121 Galliae
951 4072 1116 4134 prooemium
1149 4072 1188 4123 sit

100 4137 176 4210 pris,
197 4154 249 4196 uon
261 4140 442 4206 metaphorice
455 4141 556 4194 dictum
568 4146 621 4193 est.
664 4139 915 4196 commentariorum
929 4138 963 4192 de
976 4141 1123 4210 usilocuur
1141 4140 1187 4196 iu·
