2572 4688
425 257 533 335 uta.
560 257 610 336 u
650 258 823 335 cam
984 300 985 309 a
1099 260 1167 359 aas

77 450 159 520 dum
178 448 309 521 munira
324 448 433 520 iubet.
517 455 552 520 6.
583 449 644 520 Ab
661 451 715 518 itis
729 449 853 519 eastris
868 445 1027 540 oppidum
1040 447 1164 519 Romo·

76 562 153 607 mm
167 539 301 607 nominc
312 536 440 642 iiibrax
453 536 571 605 aberat
584 538 677 605 milia
692 558 852 626 passuum
866 544 954 611 octo.
992 536 1035 606 ld
1050 559 1092 603 ex
1105 536 1164 605 iti·

75 631 444 782 ttlrlttlttttli
458 626 585 781 ῗὲἒῗ””
599 630 1024 799 ttitiitttti'ttit
1038 624 1204 797 iiiia

74 823 152 870 rum
173 801 381 890 oppugnatio
402 805 458 866 est
473 800 571 868 laec.
614 798 684 868 Vbi
709 801 925 868 circumiecta
945 798 1162 867 multitudiue

110 946 197 996 Bonu-
221 943 274 995 tiu.
292 942 374 994 vind.
393 939 463 992 ΒΒΙ.
485 946 513 990 et
533 940 593 991 edd.
616 942 696 993 Rom.
718 953 744 993 a.
763 942 835 995 lied-
856 954 883 997 a.
901 940 972 997 vm.
991 941 1079 995 tadei.
1095 941 1161 992 lior.

111 1015 219 1065 Graan.
249 1013 303 1062 sed
322 1012 356 1061 dc
374 1012 456 1073 nong.
478 1010 512 1060 A.
532 1011 696 1063 Pliisotuius
717 1014 808 1076 tacet,
829 1018 858 1063 et
870 1011 952 1064 vind.
962 1013 996 1063 A.
1008 1012 1090 1064 Vrat.
1103 1012 1161 1063 AB.

108 1084 194 1135 Goth.
212 1082 243 1129 Β.
263 1094 324 1132 cum
342 1080 407 1132 Ald.
425 1083 454 1128 ot
472 1080 535 1130 rell.
554 1080 613 1130 edd.
643 1080 676 1133 a'a
688 1081 869 1136 altitudinem
881 1083 996 1154 latent,
1015 1082 1084 1144 quod
1095 1076 1162 1131 milti

72 1188 78 1201 .
95 1165 168 1204 mon
186 1151 265 1200 modo
282 1150 399 1212 melius,
419 1156 450 1197 ut
462 1148 664 1216 oudendorpio,
686 1152 737 1200 sed
749 1151 832 1203 etiam
844 1151 1030 1204 necessarium
1042 1148 1161 1201 videtur.

109 1221 177 1272 Sino
197 1219 229 1268 in
248 1220 315 1268 oenc
333 1220 445 1269 haberat
465 1216 615 1269 ablativus:
631 1218 858 1281 praepositionem
873 1232 981 1282 semper
991 1222 1084 1270 lacrum
1098 1215 1161 1281 qni-

109 1291 174 1339 dem
188 1288 326 1338 marinum
337 1284 514 1339 accusativus
528 1287 659 1349 sequitur.
693 1292 788 1351 Neque
802 1289 921 1341 eiusdem
942 1287 1052 1352 generis
1069 1294 1114 1337 cst
1131 1284 1164 1336 ia

70 1392 84 1405 ..
110 1357 351 1423 circuitusquod
371 1355 438 1406 oud.
459 1363 607 1418 comparat.
640 1356 786 1409 circuitus
811 1357 882 1410 enim
902 1357 1008 1420 proprie
1027 1354 1165 1419 siguificat

110 1426 297 1481 circumeundi
314 1424 464 1487 actionem,
486 1423 515 1474 in
529 1436 582 1486 qua
600 1438 728 1477 mensura
743 1426 913 1492 cognoscitur
919 1439 930 1490 ς
956 1426 1082 1483 altitudo
1095 1435 1164 1476 vero

111 1502 142 1546 at
157 1494 286 1547 latitudo
304 1501 332 1547 ot
349 1492 499 1559 coaptando
514 1504 684 1555 noupautcm
696 1493 832 1562 aliquam,
847 1494 876 1549 in
890 1505 944 1558 qua
955 1507 1085 1547 mensura
1095 1505 1173 1563 con-³

109 1564 212 1629 spicue
230 1564 295 1628 dat,
316 1564 365 1614 sed
383 1564 467 1613 totam
488 1574 545 1612 rem
558 1564 593 1615 ab
609 1564 663 1613 imo
675 1565 710 1615 ad
723 1577 854 1617 summum
868 1571 1039 1628 surgentem,
1063 1564 1097 1617 ab
1108 1572 1164 1615 uuo

109 1634 249 1687 laterano
261 1633 377 1683 alcoram
392 1631 548 1692 productam
562 1631 678 1694 cogitari
687 1631 798 1699 iubent,
820 1641 848 1684 et
861 1633 965 1684 vallum
977 1634 1074 1695 pedum
1093 1633 1164 1686 duo-

108 1700 201 1753 decim
214 1702 242 1750 in
254 1700 421 1751 altitudinem
435 1698 464 1749 id
476 1708 535 1766 ost,
557 1702 643 1768 quod,
669 1699 695 1753 ei
707 1701 736 1753 iu
748 1701 916 1759 altitudinem
927 1707 1070 1759 excusam
1084 1697 1162 1764 cogi-

108 1772 201 1836 tatur,
218 1769 358 1822 duodecim
371 1769 452 1830 pedes
467 1770 555 1817 habet.

144 1839 215 1901 cap·
229 1840 256 1888 6.
279 1837 305 1897 s.
317 1843 344 1891 2.
378 1837 521 1888 Gallorum
544 1835 640 1887 eadem
662 1833 911 1900 atqucllelgarum
933 1830 1096 1900 oppugnatio
1118 1840 1164 1883 est

108 1909 190 1957 haec.
224 1906 294 1964 Vbi]
317 1906 386 1967 ling.
403 1904 486 1954 Voss.
502 1902 621 1967 ciarkii,
645 1903 728 1966 Boua·
744 1903 774 1955 Β.
787 1904 866 1967 ligur.
878 1905 948 1961 hoe.
963 1905 1023 1956 Pac.
1037 1906 1164 1966 quattuor

110 1975 161 2027 alil
176 1973 245 2025 (iud.
257 1975 337 2025 Vrat.
354 1974 411 2024 AB.
428 1973 507 2025 Goth.
524 1971 555 2020 Β.
576 1973 673 2024 Hamis.
691 1972 774 2023 Banu.
790 1973 875 2024 vind.
889 1973 924 2024 lt.
941 1972 1011 2041 inc„
1027 1971 1080 2022 nisi
1092 1971 1164 2034 quod

110 2047 208 2098 lorum
222 2041 343 2102 nonuplli
360 2054 414 2092 uon
430 2048 493 2105 post
508 2040 597 2106 laec,
621 2045 669 2094 aed
681 2049 746 2092 ante
757 2040 786 2094 id
797 2040 997 2104 interpunguut.
1032 2042 1066 2093 lu
1077 2041 1163 2093 Voss.

110 2115 147 2166 A·
165 2112 283 2178 eadem,
305 2109 333 2162 iu
349 2111 432 2161 Vind.
452 2111 485 2160 D.
503 2109 574 2162 iaec
590 2111 735 2176 omissum,
759 2112 830 2162 idem
845 2109 875 2161 iu
890 2111 975 2164 vind.
993 2114 1027 2162 A.
1044 2110 1163 2161 deletum

19 2224 26 2232 .
111 2184 143 2233 et
166 2194 221 2248 que
238 2189 301 2232 auto
316 2178 468 2233 &adoram
484 2179 618 2243 additum,
640 2180 669 2231 in
686 2180 800 2242 reliquia
816 2184 867 2242 pro
883 2174 954 2232 iaaac
970 2176 1101 2239 scriptum
1118 2180 1163 2228 est

110 2251 168 2303 dac
192 2252 273 2311 (l’ar.
294 2249 367 2307 AB.)
390 2248 438 2300 vel
460 2259 504 2300 ac
519 2248 619 2312 (Bong.
641 2250 676 2298 A.
700 2248 771 2300 Dok.
790 2249 873 2302 Voss.
897 2249 942 2308 Β.)
964 2251 998 2302 at
1021 2247 1084 2308 [Cu.
1102 2248 1162 2297 Pet.

110 2321 196 2384 Boug.
211 2317 245 2370 0.
263 2319 323 2370 cod.
343 2315 458 2381 Vrsini,
486 2317 563 2369 Iteld.
580 2319 615 2367 Δ.
632 2319 659 2367 s.
676 2318 724 2369 Dr.
742 2317 798 2370 AB.
818 2317 896 2368 Goth.
914 2321 949 2369 A.
966 2317 1049 2372 vind.
1068 2314 1162 2367 ocul.

110 2390 184 2442 nav.
203 2388 252 2448 Δ.)
275 2400 308 2442 eo
324 2387 426 2446 (And.)
449 2385 497 2436 laic
514 2386 603 2445 (Gott-
617 2385 698 2438 Voss.
715 2385 778 2450 0.),
802 2388 982 2450 praecedente
999 2389 1059 2437 fere
1075 2385 1163 2436 inter-
1202 2414 1206 2419 -

110 2457 263 2523 matiam.
296 2455 446 2511 l’raeterea
467 2453 550 2506 vind.
573 2455 597 2506 1.
620 2455 694 2506 Gott.
728 2455 938 2522 oppapaottone
960 2456 1088 2506 exhibent
1111 2464 1161 2516 pro

111 2524 287 2594 oppapaattc
310 2526 365 2577 eat.
405 2522 526 2586 Denique
540 2547 575 2570 -2
586 2525 642 2583 eat,
670 2523 697 2576 Ii
712 2524 758 2580 uti
769 2525 804 2582 ia
818 2527 896 2579 Rom.
912 2537 938 2578 a·
954 2527 1026 2578 tiled.
1044 2535 1071 2574 a.
1090 2524 1162 2575 Veu.

127 2662 196 2728 cap.
209 2666 236 2715 6.
256 2662 284 2725 s.
297 2664 322 2714 1.
349 2674 384 2714 ex
400 2658 596 2728 itinere-op-
639 2666 708 2731 quod
731 2664 786 2717 lter
811 2661 929 2715 nondum
956 2660 1110 2727 perlectum
1129 2660 1159 2711 et

73 2735 213 2798 pugnare]
237 2733 263 2782 ir.
275 2745 298 2783 o.
312 2731 368 2797 ita,
392 2740 422 2782 ut
435 2731 488 2783 iter
502 2735 597 2784 facero
638 2735 795 2787 missionem
813 2743 867 2783 nou
880 2732 948 2783 illud
968 2730 1168 2793 excipientem,¹

75 2794 247 2867 et'oppidum
269 2811 423 2864 oppugnare
444 2803 596 2853 continuam
639 2807 688 2854 aad
699 2817 734 2855 cx
747 2801 834 2853 modio
846 2812 879 2852 eo
893 2801 1067 2863 prodeuntem
1080 2797 1158 2860 cogi·

75 2873 222 2924 amaram
246 2871 386 2924 actionem.
429 2870 506 2922 lusca
528 2882 597 2924 vero
637 2874 692 2926 tari
704 2870 867 2945 significant.
899 2869 1158 2929 Veriuscompara-
1192 2930 1204 2939 ,

75 2939 244 3007 oppugnatio
259 2952 309 2989 soa
320 2939 424 2991 obsidio
437 2952 490 2993 non
503 2941 596 2991 atatim
638 2942 715 2994 veria
735 2952 802 3007 quoa
819 2937 1007 2993 Meacaeatos
1024 2938 1061 2990 ab
1077 2936 1156 2988 ller-

15 3004 34 3016 “
76 3012 207 3072 excipere
226 3008 294 3071 tter,
318 3011 366 3059 scd
379 3011 478 3061 castris
491 3013 596 3061 demum
638 3012 722 3078 zopio
740 3013 963 3062 commemoratus
980 3009 1010 3059 in
1028 3006 1156 3058 oos.1in-

75 3079 175 3143 positis
197 3079 327 3128 corebus
348 3078 411 3128 aliis
429 3079 596 3129 necessariis
638 3095 710 3146 guas
730 3081 792 3131 Lat.
812 3093 838 3141 p.
859 3077 909 3130 sta
933 3090 987 3129 ιιοιι
1012 3088 1073 3128 cum
1093 3076 1155 3141 hoc,

75 3145 250 3213 praeparatis
261 3146 365 3196 inautui
376 3149 490 3200 solebat.
509 3148 596 3201 Prae·
639 3150 684 3214 qui
698 3163 758 3199 eum
769 3149 887 3215 fugerat,
900 3150 949 3198 sed
960 3148 1032 3197 inter
1043 3157 1074 3194 sc
1087 3155 1161 3194 con-·

74 3218 176 3282 positio
189 3229 227 3268 cm
241 3229 337 3266 nexum
348 3230 438 3268 rorum
450 3217 596 3282 siguificat,
638 3219 700 3270 tulit
713 3220 788 3268 locos
802 3215 931 3268 caesaris
945 3220 978 3283 1,
990 3214 1025 3267 25
1042 3213 1067 3273 S·
1083 3212 1100 3264 5
1117 3223 1156 3263 cm

76 3300 192 3351 quarum
203 3285 352 3336 aliaoliam
362 3287 501 3348 excipiens
516 3300 551 3336 ex
562 3297 597 3337 ea
637 3289 743 3342 itinera
756 3288 871 3339 nostras
884 3288 978 3339 latare
987 3284 1091 3350 aperto
1101 3282 1156 3332 ad-

76 3357 198 3420 pendere
213 3367 263 3404 seu
275 3355 381 3416 prodita
394 3355 539 3419 cogitatur,
553 3353 596 3405 id·
638 3355 733 3426 presai
753 3363 780 3405 et
798 3355 872 3421 iutra
892 3368 915 3407 c.
926 3357 961 3407 29
978 3354 1003 3415 S.
1019 3356 1034 3404 1
1052 3364 1090 3404 ec
1103 3351 1156 3402 iti·

77 3437 130 3490 quo
155 3425 202 3475 vol
220 3424 348 3485 temporis
368 3427 471 3477 tantum
490 3426 596 3479 rationo
638 3438 710 3478 aare
723 3425 836 3476 domam
849 3422 1042 3478 reuerterant
1054 3430 1082 3470 et
1094 3420 1156 3470 atr.

76 3492 189 3559 habits,
212 3500 242 3542 ut
263 3494 290 3548 lt·
309 3493 347 3560 l.,
368 3495 417 3545 vel
431 3506 532 3549 causae
545 3505 595 3552 nu·
639 3498 674 3549 18
696 3495 738 3547 M.
752 3495 885 3547 Petraitis
902 3495 932 3546 et
946 3493 996 3544 Ga.
1011 3491 1077 3542 Piso
1090 3501 1156 3541 cam

78 3561 152 3614 tiouo
173 3561 318 3627 adiuncta,
341 3568 373 3612 ut
391 3565 425 3629 7,
450 3562 502 3615 86:
533 3563 596 3613 tucn
638 3562 780 3631 optatius
808 3563 946 3615 Numidis
964 3572 1028 3616 ccc·
1056 3558 1155 3614 electis

75 3632 305 3699 praeraptam
329 3645 452 3684 ascensa
471 3631 597 3685 tcataat.
636 3633 826 3702 peditatuque
839 3633 964 3686 eiusdem
976 3629 1156 3699 panariam-¹
1201 3638 1204 3643 ·

36 3738 39 3743 .
76 3701 133 3753 sod
158 3699 289 3749 eiusmodi
312 3699 474 3769 dictionum,
506 3700 595 3765 qualis
639 3706 677 3755 tia
696 3702 804 3768 psarodi
821 3701 978 3759 ecitinere
991 3698 1155 3754 rectosad·

78 3771 123 3820 ost
137 3767 212 3819 Ιιίιῑί
224 3767 269 3834 35,
287 3766 322 3818 24
339 3783 377 3824 em
390 3771 495 3823 ttinere
506 3781 597 3835 prae·
638 3771 713 3823 sidio
739 3773 799 3822 cais
827 3772 988 3823 occurrunt
1015 3770 1045 3821 et
1063 3768 1099 3818 it.
1118 3768 1156 3819 86

78 3836 199 3891 mittere
220 3836 346 3891 edictum
365 3841 394 3891 st
410 3840 522 3892 Salustii
534 3838 596 3889 cat.
639 3841 740 3893 atatim
757 3853 795 3892 em
815 3840 922 3895 itinere
939 3842 1007 3893 ante
1020 3836 1156 3904 oppidum

77 3906 116 3961 ³4
133 3915 161 3957 ot
173 3902 315 3957 ciceronis
329 3907 405 3959 Fam.
418 3911 476 3975 3,9
493 3920 531 3959 ea>
544 3905 598 3959 iti·
639 3911 782 3974 Thapsum
800 3909 933 3963 constitit
957 3911 1047 3974 etqui
1067 3907 1155 3970 ipsam

77 3986 149 4027 nere
160 3975 280 4027 litteras
291 3978 424 4041 mittere,
439 3989 507 4043 quas
520 3977 598 4028 Han·
640 3979 782 4031 dictionem
793 3987 915 4031 nostram
930 3991 968 4031 em
981 3977 1088 4031 ttinere
1103 3975 1156 4040 cp-

78 4044 140 4095 dias
164 4046 283 4117 Turseli.
301 4051 318 4096 2
343 4061 370 4109 p.
388 4046 441 4098 627
467 4060 528 4095 cum
547 4049 596 4097 lac
638 4059 771 4114 pappare
793 4051 890 4101 habent
910 4049 983 4101 intra
1001 4061 1024 4098 c.
1044 4050 1078 4098 12
1098 4043 1156 4110 §.2

78 4120 172 4167 namra
184 4123 341 4185 comparat,
362 4116 432 4167 ratio
446 4128 479 4166 eo
497 4116 597 4183 ditlcrt,
640 4125 668 4168 et
682 4119 715 4186 6,
731 4120 764 4169 21
783 4118 811 4182 S.
825 4122 852 4171 2.
904 4149 905 4152 =

156 4278 172 4307 ἢ
