2572 4688
348 320 351 327 ·
406 278 517 354 tle.
543 278 594 358 lt
636 276 761 354 GAP.
780 283 834 352 17
1093 288 1164 363 ld!

68 471 230 542 idoneum
248 470 375 539 castris
393 469 558 557 deligant.
629 467 783 558 Cumque
799 492 840 539 ex
859 460 1031 539 dediticiis
1041 471 1160 560 Belgis
1177 466 1207 531 2

68 560 284 648 reliquisque
296 559 410 629 Gallis
425 560 619 649 complures
633 557 814 628 Caesarem
829 560 939 626 secuti
951 583 1017 628 una
1032 563 1100 631 iter.
1110 562 1164 631 in-

70 653 208 730 derent,
236 646 376 735 quidam
397 669 439 714 ex
457 648 532 729 his,
560 652 601 713 nt
621 655 739 734 postea
763 667 804 712 ox
825 648 969 736 captivis
991 651 1164 737 cognitur·

70 745 145 817 est,
177 756 295 803 eornm
318 734 450 802 dicrum
466 733 707 801 consuetudine
720 732 853 801 itineris
866 735 978 802 nostri
993 739 1164 807 exercitus

72 832 255 914 perspecta
279 830 378 889 nocte
402 820 447 888 ad
470 820 618 890 Nervios
645 828 872 908 pervenerunt
900 831 1002 911 atque
1022 825 1086 893 his·
1103 824 1164 893 de·

72 915 309 981 monstrarunt
324 911 415 977 inter
432 908 584 995 singulas
596 909 747 996 legiones
761 907 1078 998 impedimentorum
1091 932 1164 983 ma·

71 1021 177 1085 gnum
198 1020 376 1065 numerum
399 993 626 1076 intercedere,
653 1016 761 1083 neque
775 1017 852 1064 esee
867 998 1046 1087 quicquam
1059 1021 1165 1087 nego·

72 1087 135 1171 tii,
160 1108 238 1154 cnm
259 1085 367 1177 prima
385 1074 476 1172 legio
498 1082 536 1151 in
556 1089 669 1151 castra
690 1083 858 1168 vaumeet,
883 1087 1166 1176 reliquaoqnele·

150 1276 218 1343 cap.
233 1276 277 1331 17.
300 1276 328 1341 S.
344 1280 369 1330 1.
403 1277 528 1330 idoneum
547 1272 661 1340 castris]
685 1279 794 1331 caetris
811 1278 945 1333 idoneum
955 1280 1038 1334 Vind.
1052 1285 1087 1335 A.
1101 1284 1169 1337 nid.

110 1355 166 1400 etc.
182 1362 270 1412 usquc
280 1351 316 1400 ad
330 1348 414 1425 oud.²
433 1348 478 1411 qni
495 1348 577 1401 tacite
591 1348 712 1399 invertit.
740 1348 856 1425 Aidipus
867 1355 933 1414 ordo
945 1353 1091 1404 verborum
1102 1364 1166 1404 ma-

110 1417 156 1484 gis
177 1419 296 1469 usitatus
314 1417 428 1471 (laesam
445 1424 496 1468 est.
532 1416 574 1469 Gi.
589 1420 622 1482 1,
636 1415 696 1486 tiit
709 1419 817 1486 eastris
831 1419 965 1472 idoneum
978 1422 1072 1493 iopam
1084 1424 1165 1476 deie-

110 1486 167 1555 pit.
202 1486 235 1551 ⁵,
257 1490 290 1537 9:
313 1486 376 1538 loco
393 1485 507 1539 'castris
527 1487 629 1538 idoneo
648 1489 743 1549 capto.
776 1491 810 1552 6,
834 1489 1016 1543 102‘caetria
1029 1492 1166 1546 munaum

111 1559 207 1609 mrum
226 1554 337 1623 delicit.
377 1558 411 1618 7.
436 1555 486 1609 ³5:
514 1557 575 1607 ioco
597 1551 826 1611 caetris‘t‘doaeo
844 1560 962 1611 deuote.
1002 1563 1057 1612 sed
1083 1564 1166 1630 aiter,

111 1633 192 1692 quern
212 1626 320 1678 codices
339 1626 544 1693 praescribunt,
563 1625 680 1694 insuper
693 1627 894 1694 commendetur
910 1628 987 1693 initio
1006 1629 1167 1705 eapitiese-

129 1693 228 1747 nentis.
437 1700 440 1708 ’
650 1701 653 1707 ’
803 1697 812 1709 ”
950 1696 955 1707 ”
1060 1696 1067 1711 ”

110 1709 129 1760 q
148 1763 175 1826 S·
194 1768 223 1816 2.
264 1761 397 1825 Cumque]
425 1759 587 1814 Eucliticam
611 1763 714 1831 „MSS-
728 1760 884 1816 tredeclm“
905 1767 954 1818 Dr.
967 1769 1003 1820 A.
1016 1765 1167 1821 vratdii.

112 1833 212 1886 Eamb.
231 1832 315 1882 Boon.
328 1832 412 1883 vind.
431 1832 511 1882 ABD.
524 1832 597 1882 flav.
613 1835 647 1881 A.
660 1838 688 1882 et
701 1835 760 1884 edd.
775 1841 840 1885 ante
852 1835 928 1898 Lips.
942 1837 1064 1898 exceptis
1083 1837 1168 1890 drei-

113 1903 168 1955 lon.
186 1909 216 1952 et
236 1901 286 1952 Gr.
306 1902 332 1952 ir.
351 1901 485 1951 omittunt.
519 1901 658 1951 tredecim
678 1900 740 1952 illos
761 1902 830 1953 0ud.
847 1905 934 1957 libros
953 1908 987 1957 do
1007 1905 1167 1959 melioribus

113 1972 203 2023 tuisse
221 1983 258 2020 ex
276 1969 477 2032 comparatione
493 1982 613 2020 meorum
629 1971 778 2021 verisimile
792 1973 840 2039 nt,
862 1986 974 2035 quornm
988 1975 1033 2039 qui
1047 1989 1103 2043 que
1115 1980 1168 2029 ia-

113 2042 192 2108 bent,
213 2039 274 2090 iere
294 2041 443 2089 deteriores
463 2047 535 2091 eunt.
576 2041 631 2089 Sed
646 2042 776 2091 tamenin
789 2055 833 2094 ex.
847 2042 928 2095 Fahr.
943 2057 1085 2112 quumque.
1101 2051 1168 2112 (pro

115 2121 254 2176 comque,
277 2116 308 2158 ut
326 2108 435 2171 opinor)
453 2121 487 2158 ex
500 2111 583 2171 Bong.
596 2107 627 2159 c.
641 2109 807 2176 Pet„auat
826 2123 861 2161 cx
880 2114 938 2164 solo
953 2115 1021 2164 ιον.
1036 2117 1167 2184 reiertur,

115 2187 144 2231 et
164 2177 307 2230 Pliischkti
327 2177 437 2229 coilatio
458 2189 578 2242 cumque
596 2177 783 2241 Bongareiano
800 2182 834 2235 A·
849 2181 950 2232 tribuit
984 2185 1041 2235 Res
1059 2186 1168 2247 quidem

115 2260 228 2312 prorsus
249 2247 377 2297 diversae
396 2255 476 2314 sunt,
499 2249 548 2296 vix
561 2255 591 2297 ut
603 2247 749 2298 videantur
761 2263 811 2311 per
826 2263 880 2316 que
894 2252 1017 2313 copulari
1033 2255 1168 2317 potuisse.

115 2319 169 2369 sed
189 2319 343 2378 asyndeton
364 2315 454 2366 miuus
467 2316 549 2368 etiam
563 2316 721 2382 ferendum,
738 2325 766 2367 et
779 2317 840 2371 civ.
855 2323 888 2386 3,
907 2322 956 2372 101
973 2321 1030 2381 §.d
1045 2337 1168 2390 merome

115 2386 180 2438 item
200 2385 277 2437 initio
296 2384 401 2448 periodi
419 2385 535 2446 positum
553 2399 602 2435 res
616 2397 786 2449 nequaquam
800 2390 921 2439 einedern
933 2392 1042 2452 generis
1052 2393 1168 2445 ooninn-

115 2456 165 2522 git.
198 2457 288 2519 Atque
305 2454 354 2505 ilio
374 2455 434 2503 loco
453 2455 549 2516 rapido
567 2466 649 2504 cursu
665 2455 753 2507 fertur
766 2457 903 2522 narratio,
922 2463 952 2510 ut
965 2463 1068 2513 nullam
1079 2464 1169 2516 oden·

115 2526 220 2577 sionem
234 2524 331 2584 copula
345 2523 451 2574 habeat.
485 2523 579 2572 Eidem
593 2521 762 2575 festinationi
774 2525 817 2575 liic
829 2527 939 2578 videtur
952 2528 1100 2583 inservire.
1125 2576 1130 2585 .

151 2601 234 2657 atque
252 2592 309 2652 his]
341 2593 426 2654 Bong.
446 2587 480 2641 Α.
499 2592 548 2642 Dr.
566 2592 623 2641 AB.
641 2591 721 2642 Goth.
744 2594 779 2643 A.
797 2595 879 2645 vind.
902 2597 1028 2648 Ancum.
1048 2601 1121 2652 ven.
1142 2613 1168 2651 o.

116 2669 329 2725 actuumque
351 2663 387 2712 ad
407 2661 475 2712 ond.
501 2662 589 2726 utque
610 2660 667 2720 diis
686 2661 767 2713 Vrat.
787 2662 839 2714 Bc.
859 2665 954 2716 Hamb.
975 2667 1058 2721 Boun.
1079 2671 1170 2735 atoue

115 2731 154 2784 oa
171 2734 255 2784 vose.
274 2732 309 2783 A.
329 2731 406 2796 iigm.
423 2731 494 2784 Isou.
506 2731 587 2784 Vtut.
607 2731 641 2782 Α.
661 2729 740 2782 Goth.
754 2731 785 2782 Β.
799 2732 877 2785 Rom.
890 2746 916 2786 a.
928 2737 1000 2789 Med.
1014 2748 1041 2789 a.
1053 2739 1169 2792 venri).

116 2802 186 2854 ond
536 2833 540 2838 ·

134 2972 203 3039 cap.
226 2974 270 3028 17.
294 2974 322 3037 S.
339 2978 366 3027 2.
401 2971 607 3038 impedimento·
649 2973 722 3027 neris
735 2987 801 3040 pere
815 2987 834 3029 a
846 2957 977 3029 militibus
989 2978 1131 3034 ferebatur
1141 2985 1171 3035 et

86 3055 143 3094 rum
155 3055 283 3108 magnum
296 3047 453 3104 numerum]
472 3041 518 3095 Sic
530 3047 558 3109 7,
571 3042 606 3097 45
649 3046 811 3110 portabatur
823 3045 851 3097 in
862 3047 986 3114 agmine,
1010 3062 1112 3115 eaeque
1126 3052 1171 3104 di-

85 3124 219 3180 mapaom
243 3125 395 3165 numeram
421 3113 609 3179 impedimen·
650 3124 747 3166 cuntur
761 3115 915 3183 carucae,
932 3118 1002 3169 valli
1021 3119 1170 3186 praecipue

86 3184 184 3235 iorum
202 3183 314 3246 produci
331 3183 415 3233 iubat.
454 3186 541 3235 Erant
559 3197 606 3235 res
650 3191 677 3233 et
689 3185 792 3236 cibaria
806 3186 841 3236 ad
855 3194 961 3238 certum
978 3188 1100 3254 tempus,
1123 3198 1170 3243 at-

85 3251 184 3314 partim
205 3253 241 3304 ad
261 3253 361 3304 bellum
382 3255 529 3316 gerendum
555 3265 606 3303 ne·
649 3267 700 3316 que
714 3255 763 3304 itas
777 3261 918 3318 portantes
931 3255 1121 3309 subaureiais
1141 3267 1171 3310 et

86 3319 242 3389 caesariae,
265 3325 296 3372 ut
315 3334 350 3372 ex
369 3323 405 3387 7,
423 3319 459 3372 14
474 3321 606 3385 intelligi·
648 3322 777 3387 impediti
790 3332 931 3376 vocantur.
967 3324 1010 3376 cf.
1024 3329 1051 3396 3,
1065 3327 1100 3381 24
1116 3326 1170 3389 Μ

86 3391 146 3454 tur,
178 3391 226 3440 ubi
257 3391 324 3443 nihil
351 3389 485 3441 interesse
505 3392 606 3458 dieunt,
648 3395 677 3443 et
690 3392 724 3458 8,
741 3393 778 3445 27
794 3391 821 3453 S·
835 3392 862 3443 5.
894 3393 959 3444 Alia
976 3399 1075 3465 erant,
1099 3410 1170 3461 qnae

86 3457 399 3526 recommemorent,
431 3459 606 3520 impedimen·
647 3461 722 3513 ierre
745 3472 838 3513 eccum
855 3468 884 3512 et
904 3471 1012 3524 portare
1033 3460 1088 3516 non
1105 3468 1169 3529 pot·
1208 3470 1212 3483 ¹

87 3527 157 3578 tiene
171 3528 288 3590 exuant,
306 3528 405 3594 quibas
418 3529 534 3579 amieria
548 3529 607 3580 bei·
649 3537 727 3582 erant
744 3533 783 3591 (o.
797 3533 865 3596 29),
883 3543 952 3594 quae
963 3532 1062 3603 mulis,
1080 3535 1168 3604 equis,

85 3597 143 3648 iam
154 3596 291 3664 peritton
302 3597 395 3662 poscit
402 3610 413 3655 ,²
425 3599 524 3659 partim
537 3610 607 3661 qnae
649 3599 737 3648 carris
751 3599 929 3652 vehebantur.
969 3603 1065 3666 ltaque
1077 3600 1107 3655 in
1119 3605 1169 3657 troc

86 3664 199 3730 unisque
219 3678 299 3717 carae
319 3676 347 3716 et
365 3666 501 3730 pretiosas
522 3667 606 3718 itabe-
648 3668 831 3719 Romanorum
852 3668 964 3733 ‚agmine
988 3671 1088 3724 nirmn
1115 3685 1171 3737 non

85 3734 141 3786 bat
177 3735 273 3799 ltaque
291 3733 324 3802 5,
340 3739 375 3787 33
399 3735 513 3787 Romani
533 3747 606 3802 quoe
648 3745 692 3786 est
718 3738 747 3788 et
772 3736 964 3802 impedimenta
993 3740 1083 3792 inisse
1107 3751 1170 3806 poet

87 3803 206 3870 rituque
225 3816 326 3855 eorum
347 3804 501 3856 carissimu
519 3803 607 3858 itube-
648 3805 759 3872 milites,
778 3812 806 3856 et
820 3807 922 3857 milites
936 3809 1169 3866 tamenottdear·

86 3875 152 3941 ret‚
178 3873 214 3923 ab
228 3873 430 3936 impedimentis
449 3876 544 3937 petere
561 3882 606 3937 at-
648 3873 722 3927 ctuis
735 3875 790 3927 iter
801 3875 913 3926 iecisse.

86 3952 137 4006 one
148 3941 274 4004 abnuere
286 3949 441 4004 properant.
459 3944 503 3993 ct.
515 3945 544 4011 7,
556 3941 606 3995 552

86 4009 142 4063 too
161 4034 198 4048 -
216 4022 369 4061 auorum
385 4013 473 4077 utque
489 4012 607 4064 emarci-
699 4008 848 4072 incastra]
871 4013 897 4062 ii.
911 4024 935 4062 e.
955 4013 991 4064 ad
1009 4014 1100 4065 iocum
1116 4027 1168 4070 oa-

87 4080 135 4132 itia
166 4079 438 4145 impedimentorum
473 4094 607 4148 moenum
650 4079 718 4132 stris
735 4082 885 4148 delectum,
906 4095 969 4133 cum
985 4085 1101 4135 nondum
1119 4087 1169 4138 de-

86 4151 201 4237 portem
216 4150 394 4205 coacuerat.
433 4151 537 4207 rurus
555 4163 607 4217 uc-
650 4150 755 4217 positas
768 4151 886 4209 nattmd
899 4151 1025 4205 saronae
1038 4162 1141 4209 meent
