2572 4688
401 224 825 334 n1·n‚'n.cnr.eo
1081 257 1147 329 ιιι

65 447 137 510 tres
158 444 352 523 senatores,
379 461 420 510 ex
438 437 609 510 hominnm
624 439 763 508 milibus
783 459 840 509 nx.
854 438 909 510 vix
926 438 971 509 ai
983 435 1148 532 quingenss

64 537 138 613 tos,
155 529 217 619 qui
230 551 326 621 erma
338 529 428 597 ferre
442 535 598 619 possent,
620 550 695 596 sese
710 525 867 596 redactos
881 552 959 598 esso
977 531 1146 606 dixerunt.

64 617 165 705 Quos
182 610 329 700 Gnoson,
355 624 396 686 ut
414 617 450 685 in
469 617 664 685 miseresce
678 614 848 706 supplices
862 619 1146 711 ususmiserjcor-
1166 632 1190 697 2

62 706 123 774 dia
146 703 338 787 videretur,
364 703 625 792 diligentissime
642 705 852 775 conservarit
865 707 1004 795 suisque
1020 709 1147 781 tinibus

63 801 169 882 atque
191 790 327 883 oppidis
346 792 401 861 uti
413 791 534 872 iussit,
554 799 591 858 et
603 791 756 859 finitimis
770 790 967 881 imperavit,
986 802 1026 864 ut
1038 797 1080 864 air
1094 799 1148 867 in-

61 881 155 951 iuria
168 889 206 948 et
218 880 384 948 maleficio
399 902 438 948 se
450 900 598 968 suosque
613 879 843 968 prohiberent.

166 971 225 1039 29.
260 967 460 1048 Aduatuci,
494 965 537 1033 do
556 967 680 1055 quibus
698 987 804 1056 snpra
823 966 1042 1056 scripsimus,
1069 987 1146 1040 unm

60 1054 220 1124 omnihus
243 1050 352 1146 copiis
371 1054 497 1122 auxilio
511 1053 651 1123 Nerviis
664 1055 836 1137 renuent,
862 1055 924 1121 hac
939 1077 1050 1146 pugna
1061 1081 1148 1127 nun·

61 1147 150 1210 tiata
172 1165 213 1211 ex
234 1144 356 1211 itinero
378 1142 512 1209 domum
528 1150 758 1225 reverteruntt
786 1142 918 1209 cunctis
934 1143 1070 1235 oppidis
1091 1169 1148 1214 ca-

59 1230 243 1320 stellisque
271 1230 417 1298 desertis
439 1251 501 1298 sna
521 1230 633 1300 omnia
649 1228 686 1305 in
705 1251 807 1298 unum
828 1227 988 1319 oppidum
1010 1237 1146 1325 egregie

60 1328 185 1398 natura
198 1319 364 1405 munitum
377 1319 605 1390 coutulerunt.
669 1315 771 1403 Quod
787 1338 862 1383 cum
876 1338 916 1383 ex
933 1320 1088 1389 omnibus
1109 1324 1146 1392 in
1165 1331 1188 1394 2

58 1407 208 1473 circuitu
229 1406 387 1494 partibus
402 1406 594 1473 altissimos
615 1424 719 1495 rupes
736 1402 981 1493 despectusque
995 1408 1147 1495 haberet,

58 1515 128 1560 una
153 1515 199 1599 px
273 1500 327 1560 rte
347 1492 473 1560 leniter
494 1491 630 1573 acclivis
653 1489 768 1557 aditus
785 1491 1057 1590 in‘latitsglinem
1080 1520 1148 1566 non

58 1580 208 1672 amphus
254 1586 448 1650 ucentorum
473 1579 597 1670 pedum
618 1576 892 1669 relinquebatur3
920 1578 1021 1669 querit
1034 1585 1147 1655 locum

276 1672 280 1679 '
557 1671 584 1693 ‘¹'
677 1674 728 1717 W
783 1688 798 1708 α
935 1694 938 1704 ·
979 1685 991 1715 ι

125 1755 197 1821 cop.
209 1759 254 1808 29.
277 1755 304 1818 S.
318 1758 346 1808 1.
378 1752 521 1821 dequibus
535 1743 805 1819 suprascripsimus]
828 1741 1010 1808 om-thii'i
1024 1770 1089 1812 am.
1102 1773 1147 1826 pr.

92 1827 123 1880 ιι.
137 1840 165 1893 q.
179 1840 203 1877 s.
218 1827 348 1878 elicimus
365 1824 447 1876 Vini.
461 1826 495 1875 A.
509 1837 564 1888 qua
576 1824 692 1874 iormula
704 1822 811 1876 caesar
823 1820 856 1893 4,
873 1821 892 1876 t
907 1827 937 1877 et
948 1827 984 1896 7,
1001 1828 1037 1882 17
1052 1829 1147 1884 utitur.

90 1898 147 1950 sei
160 1895 266 1948 Hirtius
280 1893 424 1959 aliquoties
438 1895 523 1946 verbo
535 1893 661 1945 scribere
673 1891 713 1942 ita
725 1905 794 1943 usus
805 1901 857 1943 est.
938 1949 941 1968 Ι

126 1977 164 2016 ex
181 1963 295 2027 itinere]
318 1963 462 2017 eitinere
480 1963 557 2014 Rom.
576 1972 605 2014 a·
627 1961 773 2012 eutimere
794 1962 878 2013 Bonn.
903 1960 1059 2031 eminere,
1082 1979 1145 2031 sup.

91 2034 135 2103 tt,
146 2036 234 2086 Voss.
247 2036 282 2085 A.
298 2033 426 2084 exitere
441 2033 523 2096 Boug·
537 2030 571 2082 A·
584 2029 663 2080 ouius
675 2031 780 2081 formas
792 2043 854 2108 cum
866 2030 933 2081 alibi
944 2034 1058 2102 nullum,
1075 2040 1146 2099 quoti

93 2105 199 2169 sciam,
228 2101 375 2166 vestigium
399 2102 429 2151 ln
456 2103 551 2154 horum
571 2099 832 2151 Commentariorum
855 2100 994 2152 codicibus
1013 2115 1146 2167 appareat

92 2172 196 2232 [semel
212 2170 327 2224 itenere
344 2171 373 2222 in
392 2169 475 2223 Vini.
489 2171 525 2221 A.
538 2169 630 2232 legere
647 2167 789 2237 nemim),
804 2181 842 2222 ne
852 2170 904 2222 lnoc
916 2170 1024 2235 quiicrn
1035 2174 1097 2228 loco
1110 2189 1147 2227 eu

74 2253 147 2294 -uno
159 2241 254 2294 colico
267 2238 394 2308 quamvis
406 2239 476 2292 bono
490 2238 647 2303 recipientia
660 2236 778 2293 videtur.
800 2270 805 2278 .

108 2396 268 2456 miratores]
296 2391 340 2446 (ii.
358 2392 449 2447 adnot.
468 2392 504 2445 ai
522 2390 581 2446 ci
676 2404 708 2442 sc
738 2346 858 2458 suosque
890 2391 1077 2458 prohiberent]
1108 2399 1148 2451 Se

56 2464 89 2529 S,
100 2469 127 2518 1.
149 2466 308 2519 Senatores
323 2465 463 2515 Gallorum
475 2462 582 2516 caesar
623 2458 778 2526 prohibere
789 2462 860 2514 iicm
872 2471 933 2532 est,
956 2467 1026 2529 qnod
1038 2479 1070 2518 se
1080 2467 1147 2520 uis-
1178 2515 1184 2520 .

51 2542 169 2602 praecor
181 2537 207 2586 l.
219 2536 239 2589 1.
254 2547 307 2585 non
318 2532 448 2585 nominat.
623 2528 735 2595 unere,
759 2542 813 2594 quo
831 2530 982 2602 linones,
998 2531 1034 2586 tt
1050 2537 1146 2607 utitur,

108 2602 222 2657 milibus
234 2605 298 2664 nm]
324 2601 391 2664 cap.
405 2598 424 2651 t
439 2599 467 2662 8.
478 2597 497 2650 8
509 2597 582 2649 lier-
624 2605 652 2648 ec
664 2599 833 2669 diuturnior,
856 2602 887 2652 ιιι
898 2614 966 2654 suos
979 2602 1146 2673 protttere,

56 2671 98 2726 vil
115 2688 147 2726 ι..
168 2671 247 2725 mille
273 2677 439 2725 armatorum
465 2665 581 2733 polliciti
623 2662 683 2730 fetu
712 2662 811 2732 imiter.
858 2672 949 2734 Atque
972 2674 1039 2737 loc,
1074 2678 1146 2738 quoi

55 2743 201 2804 ‹licuntur3
224 2752 278 2805 quo
297 2742 418 2791 tortasse
431 2736 581 2800 respiciens
622 2737 708 2788 multo
717 2736 847 2790 usitatius
860 2746 920 2806 est,
938 2740 1027 2805 magis
1045 2754 1143 2806 respe-

54 2812 260 2874 lictoplrrastes
271 2811 298 2861 ιι.
310 2808 331 2859 l.
343 2804 582 2873 πεντακισμυρίων
621 2803 700 2856 xissc
719 2805 838 2871 scriptor
856 2807 979 2860 videtur:
1003 2811 1092 2862 solum
1111 2825 1145 2866 se

54 2880 156 2946 posuit.
196 2881 251 2932 sei
268 2877 298 2930 in
320 2878 372 2928 noc
393 2877 481 2940 tello,
510 2875 580 2937 quoi
620 2873 776 2941 prohibere
793 2874 889 2930 nescio
902 2891 938 2937 cn
951 2880 1143 2934 condicturus

55 2963 108 3004 suo
127 2948 219 3014 magis
236 2944 344 2999 nornine
360 2953 389 2996 ct
402 2945 462 2997 suis
474 2943 503 2997 iu
516 2942 579 2993 fini-
621 2942 731 3010 inisset.

54 3018 109 3071 irus
121 3024 267 3082 gererent,
286 3011 579 3078 plureseosinurrnis
671 3010 799 3078 capro
823 3012 893 3076 3-1.
926 3013 955 3066 in
968 3027 1049 3068 nnnm
1064 3017 1143 3083 oppi-

53 3088 201 3154 lralrulssc,
218 3097 298 3150 quarn
311 3095 379 3150 quos
392 3084 428 3136 ati
440 3093 579 3134 commuue
621 3079 697 3143 dum]
722 3083 754 3134 Id
774 3081 821 3135 alii
839 3083 894 3150 ilrl,
916 3082 963 3134 ubi
982 3086 1060 3138 lollio
1076 3089 1144 3141 Na-

53 3156 173 3210 omnium
185 3156 332 3219 Belgarum
347 3154 450 3204 bellum
468 3147 580 3203 missuri
621 3163 704 3216 mur,
727 3151 776 3203 alii
794 3152 841 3203 ubi
859 3153 959 3204 sorau
977 3164 1036 3221 est,
1059 3157 1143 3210 situm

54 3234 161 3292 essent,
178 3230 391 3276 cousentaneum
405 3230 458 3272 est.
484 3221 578 3282 Neque
620 3221 772 3285 opinentur·
785 3220 1037 3278 (invisertliiallia
1047 3224 1144 3288 ptis.

54 3302 151 3347 umen
170 3287 496 3358 prseternx.illamilia
509 3286 579 3340 nulli
664 3289 700 3350 s.
723 3291 750 3339 2.
801 3291 1013 3356 despectusque]
1047 3294 1145 3360 Oppidi

53 3365 98 3417 eis
111 3363 202 3417 inisse
217 3361 272 3413 viri
285 3360 427 3426 videnter,
445 3359 490 3423 qni
502 3369 578 3410 arma
621 3354 692 3409 situs
704 3354 745 3410 ita
758 3356 936 3424 describitur,
956 3368 988 3412 nt
1008 3372 1063 3415 non
1081 3365 1144 3417 cin·

51 3432 272 3497 compensent,
290 3431 340 3481 sed
355 3426 504 3481 totconfici
517 3429 578 3477 sal·
621 3435 694 3493 ctum
705 3426 1021 3496 rupinusecinclurnm,
1037 3434 1088 3484 sei
1105 3433 1142 3488 iis
1227 3448 1242 3491 ὴ

52 3516 93 3556 va
105 3516 137 3555 ro
158 3501 268 3564 pontice
287 3505 316 3549 et
334 3506 364 3550 ut
376 3496 454 3562 pacis
468 3496 579 3560 negotia
619 3494 775 3559 impositum
788 3496 876 3549 luisse
890 3510 925 3547 ex
937 3498 1027 3563 iisque
1039 3501 1142 3567 ‹lespe-
1237 3494 1239 3499 ’

53 3585 109 3625 non
145 3570 402 3634 murmtccrencnr,
445 3566 576 3630 potuisse.
619 3573 693 3616 ctscm
710 3563 739 3616 in
755 3565 859 3633 omnia,
876 3569 1142 3632 quaecircnmiace-

52 3643 155 3706 ltaque
169 3638 231 3691 lieri
248 3636 350 3703 potuit,
372 3644 401 3687 ut
413 3634 510 3699 paucis
523 3648 577 3687 an·
619 3633 701 3700 bant,
724 3635 853 3686 habuisse
871 3636 986 3687 ‹licetur-
1027 3639 1064 3692 lit
1081 3641 1141 3693 sin-

52 3712 98 3764 nis
116 3716 181 3774 post
198 3707 382 3772 rebellarent,
407 3706 477 3768 quoi
488 3704 523 3773 5,
539 3705 577 3758 38
619 3703 709 3768 gulari
722 3714 833 3757 numero
846 3704 952 3758 caesar
964 3702 1050 3774 alibi,
1067 3713 1140 3776 uta,

52 3779 204 3846 appete,
220 3776 507 3842 2egissetruiuntur.
528 3772 576 3827 (li.
619 3771 741 3837 listi,
766 3771 800 3838 5,
823 3775 874 3841 79,
893 3773 945 3839 80,
970 3775 1071 3828 utiturr
1095 3778 1164 3830 lnio'

52 3853 81 3918 7,
95 3847 134 3904 76
151 3845 179 3908 S.
192 3849 220 3897 3.
617 3841 733 3908 ploratis
747 3839 945 3909 iocosomnos‚
961 3857 1017 3908 qna
1032 3847 1139 3910 despici
1185 3884 1189 3895 ,

103 3916 153 3967 vix
171 3916 207 3968 ei
228 3911 403 3980 quingentos]
427 3909 575 3967 Gtaiuot.
616 3912 740 4032 potum
758 3919 790 3962 ιιι
801 3911 830 3980 7,
848 3914 884 3963 36
896 3911 1031 3983 loquitur,
1048 3915 1138 3982 signi.
1238 3918 1261 3957 v:

55 3987 91 4040 ω
103 3989 177 4116 ἓξ
194 3984 476 4105 §scismaticorum
492 4047 573 4102 viic-
637 3986 969 4113 oa{incentorumpulurn}
991 3961 1216 4280 Gema·

55 4127 147 4188 tuor]
168 4123 213 4178 ct.
225 4123 317 4177 otuu.
330 4120 367 4177 ai
379 4122 413 4190 1,
429 4117 466 4178 to
481 4117 511 4184 8.
521 4119 549 4176 6·
567 4170 572 4178 .
615 4119 880 4184 pomoranorum
890 4119 1000 4181 ιιιιιιιι.
