<?xml version="1.0" encoding="UTF-8"?>
<!DOCTYPE html PUBLIC "-//W3C//DTD XHTML 1.0 Transitional//EN"
    "http://www.w3.org/TR/xhtml1/DTD/xhtml1-transitional.dtd">
<html xmlns="http://www.w3.org/1999/xhtml" xml:lang="en" lang="en">
 <head>
  <title>
</title>
<meta http-equiv="Content-Type" content="text/html;charset=utf-8" />
  <meta name='ocr-system' content='tesseract 3.04.00' />
  <meta name='ocr-capabilities' content='ocr_page ocr_carea ocr_par ocr_line ocrx_word'/>
</head>
<body>
  <div class='ocr_page' id='page_1' title='image "./commentariidebe01schngoog_0234.png"; bbox 0 0 2572 4688; ppageno 0'>
   <div class='ocr_carea' id='block_1_1' title="bbox 321 222 1268 345">
    <p class='ocr_par' dir='ltr' id='par_1_1' title="bbox 321 222 1268 345">
     <span class='ocr_line' id='line_1_1' title="bbox 321 222 1268 345; baseline 0.003 -5"><span class='ocrx_word' id='word_1_1' title='bbox 321 302 326 311; x_wconf 76' lang='lat'><em>,</em></span> <span class='ocrx_word' id='word_1_2' title='bbox 396 269 503 345; x_wconf 82' lang='lat' dir='ltr'><strong>nte.</strong></span> <span class='ocrx_word' id='word_1_3' title='bbox 529 268 580 343; x_wconf 87' lang='lat'><strong>11.</strong></span> <span class='ocrx_word' id='word_1_4' title='bbox 622 267 744 343; x_wconf 78' lang='lat' dir='ltr'><strong>cst.</strong></span> <span class='ocrx_word' id='word_1_5' title='bbox 771 272 819 342; x_wconf 82' lang='lat' dir='ltr'><strong>es</strong></span> <span class='ocrx_word' id='word_1_6' title='bbox 1077 273 1173 345; x_wconf 80' lang='lat' dir='ltr'><strong>tlt·</strong></span> <span class='ocrx_word' id='word_1_7' title='bbox 1266 222 1268 231; x_wconf 57' lang='grc'>’</span> 
     </span>
    </p>
   </div>
   <div class='ocr_carea' id='block_1_2' title="bbox 55 455 1249 990">
    <p class='ocr_par' dir='ltr' id='par_1_2' title="bbox 56 455 1144 637">
     <span class='ocr_line' id='line_1_2' title="bbox 57 455 1143 546; baseline -0.001 -19"><span class='ocrx_word' id='word_1_8' title='bbox 57 460 195 528; x_wconf 86' lang='lat' dir='ltr'><strong>emissis</strong></span> <span class='ocrx_word' id='word_1_9' title='bbox 222 478 325 525; x_wconf 88' lang='lat' dir='ltr'><strong>eursu</strong></span> <span class='ocrx_word' id='word_1_10' title='bbox 353 481 391 528; x_wconf 83' lang='lat' dir='ltr'><strong>so</strong></span> <span class='ocrx_word' id='word_1_11' title='bbox 419 457 622 528; x_wconf 74' lang='lat' dir='ltr'>lassitudine</span> <span class='ocrx_word' id='word_1_12' title='bbox 648 459 855 527; x_wconf 84' lang='lat' dir='ltr'><strong>exanimatos</strong></span> <span class='ocrx_word' id='word_1_13' title='bbox 881 455 1143 546; x_wconf 81' lang='lat' dir='ltr'><strong>vulneribusque</strong></span> 
     </span>
     <span class='ocr_line' id='line_1_3' title="bbox 56 545 1144 637; baseline -0.005 -21"><span class='ocrx_word' id='word_1_14' title='bbox 56 549 235 616; x_wconf 83' lang='lat' dir='ltr'><strong>coniectos</strong></span> <span class='ocrx_word' id='word_1_15' title='bbox 243 547 434 615; x_wconf 83' lang='lat' dir='ltr'><strong>Atrebates</strong></span> <span class='ocrx_word' id='word_1_16' title='bbox 456 549 548 637; x_wconf 85' lang='lat' dir='ltr'><strong>(nem</strong></span> <span class='ocrx_word' id='word_1_17' title='bbox 563 547 616 614; x_wconf 87' lang='lat' dir='ltr'><strong>his</strong></span> <span class='ocrx_word' id='word_1_18' title='bbox 629 567 668 614; x_wconf 84' lang='lat' dir='ltr'><strong>ee</strong></span> <span class='ocrx_word' id='word_1_19' title='bbox 681 569 763 637; x_wconf 85' lang='lat' dir='ltr'><strong>pere</strong></span> <span class='ocrx_word' id='word_1_20' title='bbox 775 545 969 633; x_wconf 79' lang='lat' dir='ltr'>obvenerat)</span> <span class='ocrx_word' id='word_1_21' title='bbox 986 547 1144 632; x_wconf 81' lang='lat' dir='ltr'><strong>celeriter</strong></span> 
     </span>
    </p>

    <p class='ocr_par' dir='ltr' id='par_1_3' title="bbox 55 633 1249 899">
     <span class='ocr_line' id='line_1_4' title="bbox 55 633 1249 724; baseline -0.003 -20"><span class='ocrx_word' id='word_1_22' title='bbox 55 657 100 704; x_wconf 88' lang='lat' dir='ltr'><strong>ex</strong></span> <span class='ocrx_word' id='word_1_23' title='bbox 123 637 199 704; x_wconf 91' lang='lat' dir='ltr'><strong>loeo</strong></span> <span class='ocrx_word' id='word_1_24' title='bbox 221 637 397 724; x_wconf 72' lang='lat' dir='ltr'><strong>superiore</strong></span> <span class='ocrx_word' id='word_1_25' title='bbox 420 635 454 701; x_wconf 90' lang='lat' dir='ltr'><strong>in</strong></span> <span class='ocrx_word' id='word_1_26' title='bbox 475 637 598 702; x_wconf 89' lang='lat' dir='ltr'><strong>flumen</strong></span> <span class='ocrx_word' id='word_1_27' title='bbox 621 636 856 723; x_wconf 87' lang='lat' dir='ltr'><strong>compulerunt</strong></span> <span class='ocrx_word' id='word_1_28' title='bbox 873 640 909 701; x_wconf 90' lang='lat' dir='ltr'><strong>et</strong></span> <span class='ocrx_word' id='word_1_29' title='bbox 926 633 1072 700; x_wconf 85' lang='lat' dir='ltr'><strong>transire</strong></span> <span class='ocrx_word' id='word_1_30' title='bbox 1086 655 1144 700; x_wconf 89' lang='lat' dir='ltr'><strong>co·</strong></span> <span class='ocrx_word' id='word_1_31' title='bbox 1246 704 1249 713; x_wconf 64' lang='grc'><strong>,</strong></span> 
     </span>
     <span class='ocr_line' id='line_1_5' title="bbox 55 719 1141 811; baseline -0.004 -20"><span class='ocrx_word' id='word_1_32' title='bbox 55 731 179 803; x_wconf 73' lang='lat' dir='ltr'><strong>nentes</strong></span> <span class='ocrx_word' id='word_1_33' title='bbox 200 724 345 792; x_wconf 89' lang='lat' dir='ltr'><strong>inseeuti</strong></span> <span class='ocrx_word' id='word_1_34' title='bbox 364 720 488 810; x_wconf 76' lang='lat' dir='ltr'><strong>gladiis</strong></span> <span class='ocrx_word' id='word_1_35' title='bbox 501 744 653 808; x_wconf 78' lang='lat' dir='ltr'><strong>magnam</strong></span> <span class='ocrx_word' id='word_1_36' title='bbox 671 729 800 811; x_wconf 81' lang='lat' dir='ltr'><strong>partem</strong></span> <span class='ocrx_word' id='word_1_37' title='bbox 815 726 931 788; x_wconf 85' lang='lat' dir='ltr'><strong>eorum</strong></span> <span class='ocrx_word' id='word_1_38' title='bbox 944 719 1141 810; x_wconf 76' lang='lat' dir='ltr'><strong>impeditam</strong></span> 
     </span>
     <span class='ocr_line' id='line_1_6' title="bbox 55 809 1184 899; baseline 0.002 -21"><span class='ocrx_word' id='word_1_39' title='bbox 55 810 313 881; x_wconf 86' lang='lat' dir='ltr'><strong>interfecerunt.</strong></span> <span class='ocrx_word' id='word_1_40' title='bbox 383 809 456 899; x_wconf 88' lang='lat' dir='ltr'><strong>Ipsi</strong></span> <span class='ocrx_word' id='word_1_41' title='bbox 476 811 624 876; x_wconf 82' lang='lat' dir='ltr'><strong>transire</strong></span> <span class='ocrx_word' id='word_1_42' title='bbox 638 811 759 877; x_wconf 86' lang='lat' dir='ltr'><strong>flumen</strong></span> <span class='ocrx_word' id='word_1_43' title='bbox 773 831 838 876; x_wconf 90' lang='lat' dir='ltr'><strong>non</strong></span> <span class='ocrx_word' id='word_1_44' title='bbox 853 809 1093 876; x_wconf 83' lang='lat' dir='ltr'><strong>dubitaverunt</strong></span> <span class='ocrx_word' id='word_1_45' title='bbox 1106 814 1142 877; x_wconf 90' lang='lat' dir='ltr'><strong>et</strong></span> <span class='ocrx_word' id='word_1_46' title='bbox 1162 817 1184 880; x_wconf 76' lang='grc'>3</span> 
     </span>
    </p>

    <p class='ocr_par' dir='ltr' id='par_1_4' title="bbox 55 897 1144 990">
     <span class='ocr_line' id='line_1_7' title="bbox 55 897 1144 990; baseline -0.004 -23"><span class='ocrx_word' id='word_1_47' title='bbox 55 899 93 967; x_wconf 93' lang='lat' dir='ltr'><strong>in</strong></span> <span class='ocrx_word' id='word_1_48' title='bbox 113 901 224 966; x_wconf 88' lang='lat' dir='ltr'><strong>locum</strong></span> <span class='ocrx_word' id='word_1_49' title='bbox 248 898 404 986; x_wconf 86' lang='lat' dir='ltr'><strong>iniqnnnt&#39;</strong></span> <span class='ocrx_word' id='word_1_50' title='bbox 421 897 594 990; x_wconf 77' lang='lat' dir='ltr'><strong>progressi</strong></span> <span class='ocrx_word' id='word_1_51' title='bbox 610 919 730 965; x_wconf 81' lang='lat' dir='ltr'><strong>rursus</strong></span> <span class='ocrx_word' id='word_1_52' title='bbox 744 897 943 967; x_wconf 73' lang='lat' dir='ltr'><strong>resistentes</strong></span> <span class='ocrx_word' id='word_1_53' title='bbox 959 898 1074 964; x_wconf 87' lang='lat' dir='ltr'><strong>hostes</strong></span> <span class='ocrx_word' id='word_1_54' title='bbox 1088 917 1144 963; x_wconf 87' lang='lat' dir='ltr'><strong>re-</strong></span> 
     </span>
    </p>
   </div>
   <div class='ocr_carea' id='block_1_3' title="bbox 42 1072 1230 2661">
    <p class='ocr_par' dir='ltr' id='par_1_5' title="bbox 90 1072 1167 1626">
     <span class='ocr_line' id='line_1_8' title="bbox 91 1072 1143 1139; baseline -0.002 -14"><span class='ocrx_word' id='word_1_55' title='bbox 91 1072 149 1126; x_wconf 77' lang='lat' dir='ltr'><strong>Ac.</strong></span> <span class='ocrx_word' id='word_1_56' title='bbox 171 1073 234 1126; x_wconf 88' lang='lat' dir='ltr'><strong>Ale.</strong></span> <span class='ocrx_word' id='word_1_57' title='bbox 259 1075 319 1127; x_wconf 85' lang='lat' dir='ltr'><strong>ort.</strong></span> <span class='ocrx_word' id='word_1_58' title='bbox 342 1077 472 1139; x_wconf 82' lang='lat' dir='ltr'><strong>excerpts</strong></span> <span class='ocrx_word' id='word_1_59' title='bbox 494 1075 580 1126; x_wconf 78' lang='lat' dir='ltr'><strong>Pulm.</strong></span> <span class='ocrx_word' id='word_1_60' title='bbox 603 1083 632 1125; x_wconf 92' lang='lat' dir='ltr'><strong>et</strong></span> <span class='ocrx_word' id='word_1_61' title='bbox 657 1075 699 1126; x_wconf 84' lang='lat' dir='ltr'><strong>ed.</strong></span> <span class='ocrx_word' id='word_1_62' title='bbox 716 1072 770 1125; x_wconf 88' lang='lat' dir='ltr'><strong>lue.</strong></span> <span class='ocrx_word' id='word_1_63' title='bbox 788 1087 850 1127; x_wconf 86' lang='lat' dir='ltr'><strong>cunr</strong></span> <span class='ocrx_word' id='word_1_64' title='bbox 868 1075 916 1128; x_wconf 88' lang='lat' dir='ltr'><strong>Dr.</strong></span> <span class='ocrx_word' id='word_1_65' title='bbox 933 1075 968 1126; x_wconf 97' lang='lat' dir='ltr'><strong>A.</strong></span> <span class='ocrx_word' id='word_1_66' title='bbox 986 1075 1068 1125; x_wconf 80' lang='lat' dir='ltr'><strong>Vrat.</strong></span> <span class='ocrx_word' id='word_1_67' title='bbox 1084 1073 1143 1124; x_wconf 85' lang='lat' dir='ltr'><strong>AB.</strong></span> 
     </span>
     <span class='ocr_line' id='line_1_9' title="bbox 90 1138 1167 1211; baseline -0.001 -17"><span class='ocrx_word' id='word_1_68' title='bbox 90 1145 175 1198; x_wconf 82' lang='lat' dir='ltr'><strong>Vlnd.</strong></span> <span class='ocrx_word' id='word_1_69' title='bbox 193 1146 249 1196; x_wconf 87' lang='lat' dir='ltr'><strong>AB.</strong></span> <span class='ocrx_word' id='word_1_70' title='bbox 268 1145 322 1196; x_wconf 67' lang='lat' dir='ltr'><strong>tiu.</strong></span> <span class='ocrx_word' id='word_1_71' title='bbox 340 1146 436 1195; x_wconf 77' lang='lat' dir='ltr'><strong>Homo.</strong></span> <span class='ocrx_word' id='word_1_72' title='bbox 456 1146 540 1201; x_wconf 79' lang='lat' dir='ltr'><strong>lloutn</strong></span> <span class='ocrx_word' id='word_1_73' title='bbox 562 1144 626 1196; x_wconf 81' lang='lat' dir='ltr'><strong>acte</strong></span> <span class='ocrx_word' id='word_1_74' title='bbox 642 1145 799 1209; x_wconf 80' lang='lat' dir='ltr'><strong>exhibeant,</strong></span> <span class='ocrx_word' id='word_1_75' title='bbox 820 1152 896 1196; x_wconf 85' lang='lat' dir='ltr'><strong>recte</strong></span> <span class='ocrx_word' id='word_1_76' title='bbox 913 1143 942 1194; x_wconf 91' lang='lat' dir='ltr'><strong>id</strong></span> <span class='ocrx_word' id='word_1_77' title='bbox 958 1144 994 1193; x_wconf 82' lang='lat' dir='ltr'><strong>ab</strong></span> <span class='ocrx_word' id='word_1_78' title='bbox 1011 1143 1078 1211; x_wconf 82' lang='lat' dir='ltr'><strong>oud.</strong></span> <span class='ocrx_word' id='word_1_79' title='bbox 1091 1153 1143 1206; x_wconf 89' lang='lat' dir='ltr'><strong>pro</strong></span> <span class='ocrx_word' id='word_1_80' title='bbox 1162 1138 1167 1175; x_wconf 62' lang='lat' dir='ltr'>s</span> 
     </span>
     <span class='ocr_line' id='line_1_10' title="bbox 90 1204 1142 1280; baseline -0.004 -13"><span class='ocrx_word' id='word_1_81' title='bbox 90 1214 183 1280; x_wconf 81' lang='lat' dir='ltr'><strong>aciei,</strong></span> <span class='ocrx_word' id='word_1_82' title='bbox 205 1217 275 1278; x_wconf 87' lang='lat' dir='ltr'><strong>qnod</strong></span> <span class='ocrx_word' id='word_1_83' title='bbox 291 1214 390 1278; x_wconf 80' lang='lat' dir='ltr'><strong>reliqui</strong></span> <span class='ocrx_word' id='word_1_84' title='bbox 406 1215 470 1266; x_wconf 86' lang='lat' dir='ltr'><strong>libri</strong></span> <span class='ocrx_word' id='word_1_85' title='bbox 488 1213 584 1277; x_wconf 89' lang='lat' dir='ltr'><strong>scripti</strong></span> <span class='ocrx_word' id='word_1_86' title='bbox 600 1215 695 1272; x_wconf 83' lang='lat' dir='ltr'><strong>[etiarn</strong></span> <span class='ocrx_word' id='word_1_87' title='bbox 711 1213 784 1266; x_wconf 85' lang='lat' dir='ltr'><strong>llav.</strong></span> <span class='ocrx_word' id='word_1_88' title='bbox 801 1215 836 1264; x_wconf 91' lang='lat' dir='ltr'><strong>A.</strong></span> <span class='ocrx_word' id='word_1_89' title='bbox 854 1222 882 1263; x_wconf 88' lang='lat' dir='ltr'><strong>et</strong></span> <span class='ocrx_word' id='word_1_90' title='bbox 898 1224 917 1263; x_wconf 94' lang='lat' dir='ltr'><strong>a</strong></span> <span class='ocrx_word' id='word_1_91' title='bbox 933 1226 969 1263; x_wconf 88' lang='lat' dir='ltr'><strong>ur.</strong></span> <span class='ocrx_word' id='word_1_92' title='bbox 987 1225 1043 1262; x_wconf 89' lang='lat' dir='ltr'><strong>soc.</strong></span> <span class='ocrx_word' id='word_1_93' title='bbox 1061 1204 1142 1265; x_wconf 75' lang='lat' dir='ltr'><strong>vret.</strong></span> 
     </span>
     <span class='ocr_line' id='line_1_11' title="bbox 91 1280 1142 1351; baseline -0.002 -17"><span class='ocrx_word' id='word_1_94' title='bbox 91 1286 139 1344; x_wconf 79' lang='lat' dir='ltr'><strong>ll.)</strong></span> <span class='ocrx_word' id='word_1_95' title='bbox 162 1282 280 1345; x_wconf 83' lang='lat' dir='ltr'><strong>editique</strong></span> <span class='ocrx_word' id='word_1_96' title='bbox 307 1283 422 1351; x_wconf 83' lang='lat' dir='ltr'><strong>labent,</strong></span> <span class='ocrx_word' id='word_1_97' title='bbox 450 1291 588 1345; x_wconf 84' lang='lat' dir='ltr'><strong>receptum</strong></span> <span class='ocrx_word' id='word_1_98' title='bbox 611 1283 727 1335; x_wconf 82' lang='lat' dir='ltr'><strong>videtur.</strong></span> <span class='ocrx_word' id='word_1_99' title='bbox 768 1282 894 1333; x_wconf 81' lang='lat' dir='ltr'><strong>Ceterum</strong></span> <span class='ocrx_word' id='word_1_100' title='bbox 912 1280 1142 1345; x_wconf 78' lang='lat' dir='ltr'><strong>minine-omnis,</strong></span> 
     </span>
     <span class='ocr_line' id='line_1_12' title="bbox 92 1351 1142 1416; baseline 0.001 -14"><span class='ocrx_word' id='word_1_101' title='bbox 92 1364 162 1416; x_wconf 84' lang='lat' dir='ltr'><strong>queo</strong></span> <span class='ocrx_word' id='word_1_102' title='bbox 182 1352 376 1415; x_wconf 80' lang='lat' dir='ltr'><strong>grammaticus</strong></span> <span class='ocrx_word' id='word_1_103' title='bbox 392 1354 539 1416; x_wconf 82' lang='lat' dir='ltr'><strong>probabat,</strong></span> <span class='ocrx_word' id='word_1_104' title='bbox 561 1352 680 1416; x_wconf 83' lang='lat' dir='ltr'><strong>scrlptor</strong></span> <span class='ocrx_word' id='word_1_105' title='bbox 694 1352 840 1414; x_wconf 82' lang='lat' dir='ltr'><strong>usurpavit</strong></span> <span class='ocrx_word' id='word_1_106' title='bbox 856 1352 976 1415; x_wconf 85' lang='lat' dir='ltr'><strong>cnesnr,</strong></span> <span class='ocrx_word' id='word_1_107' title='bbox 999 1351 1048 1401; x_wconf 89' lang='lat' dir='ltr'><strong>sed</strong></span> <span class='ocrx_word' id='word_1_108' title='bbox 1061 1363 1142 1403; x_wconf 81' lang='lat' dir='ltr'><strong>nsunt</strong></span> 
     </span>
     <span class='ocr_line' id='line_1_13' title="bbox 91 1418 1141 1485; baseline -0.001 -14"><span class='ocrx_word' id='word_1_109' title='bbox 91 1421 120 1471; x_wconf 89' lang='lat' dir='ltr'><strong>in</strong></span> <span class='ocrx_word' id='word_1_110' title='bbox 140 1419 277 1485; x_wconf 85' lang='lat' dir='ltr'><strong>plerisque</strong></span> <span class='ocrx_word' id='word_1_111' title='bbox 290 1423 401 1472; x_wconf 84' lang='lat' dir='ltr'><strong>secutus</strong></span> <span class='ocrx_word' id='word_1_112' title='bbox 417 1423 550 1472; x_wconf 88' lang='lat' dir='ltr'><strong>interdum</strong></span> <span class='ocrx_word' id='word_1_113' title='bbox 566 1422 665 1472; x_wconf 88' lang='lat' dir='ltr'><strong>rationi</strong></span> <span class='ocrx_word' id='word_1_114' title='bbox 681 1429 709 1470; x_wconf 86' lang='lat' dir='ltr'><strong>et</strong></span> <span class='ocrx_word' id='word_1_115' title='bbox 725 1421 867 1484; x_wconf 61' lang='lat' dir='ltr'><strong>anuogiee</strong></span> <span class='ocrx_word' id='word_1_116' title='bbox 883 1420 988 1482; x_wconf 79' lang='lat' dir='ltr'><strong>prietes</strong></span> <span class='ocrx_word' id='word_1_117' title='bbox 1004 1418 1080 1470; x_wconf 89' lang='lat' dir='ltr'><strong>dedit</strong></span> <span class='ocrx_word' id='word_1_118' title='bbox 1092 1420 1141 1470; x_wconf 81' lang='lat' dir='ltr'><strong>vel</strong></span> 
     </span>
     <span class='ocr_line' id='line_1_14' title="bbox 90 1488 1141 1542; baseline -0.002 -2"><span class='ocrx_word' id='word_1_119' title='bbox 90 1489 309 1540; x_wconf 74' lang='lat' dir='ltr'><strong>assuefaciendle</strong></span> <span class='ocrx_word' id='word_1_120' title='bbox 322 1490 370 1540; x_wconf 87' lang='lat' dir='ltr'><strong>vel</strong></span> <span class='ocrx_word' id='word_1_121' title='bbox 383 1491 517 1542; x_wconf 83' lang='lat' dir='ltr'><strong>tentandis</strong></span> <span class='ocrx_word' id='word_1_122' title='bbox 530 1490 662 1542; x_wconf 84' lang='lat' dir='ltr'><strong>hominum</strong></span> <span class='ocrx_word' id='word_1_123' title='bbox 675 1490 788 1542; x_wconf 81' lang='lat' dir='ltr'><strong>auritus</strong></span> <span class='ocrx_word' id='word_1_124' title='bbox 801 1496 829 1540; x_wconf 86' lang='lat' dir='ltr'><strong>et</strong></span> <span class='ocrx_word' id='word_1_125' title='bbox 840 1488 958 1540; x_wconf 88' lang='lat' dir='ltr'><strong>iudiciis.</strong></span> <span class='ocrx_word' id='word_1_126' title='bbox 993 1488 1036 1539; x_wconf 81' lang='lat' dir='ltr'><strong>ct.</strong></span> <span class='ocrx_word' id='word_1_127' title='bbox 1049 1490 1141 1540; x_wconf 86' lang='lat' dir='ltr'><strong>adnot.</strong></span> 
     </span>
     <span class='ocr_line' id='line_1_15' title="bbox 91 1555 1140 1626; baseline -0.001 -18"><span class='ocrx_word' id='word_1_128' title='bbox 91 1559 153 1610; x_wconf 87' lang='lat' dir='ltr'><strong>erit</strong></span> <span class='ocrx_word' id='word_1_129' title='bbox 170 1560 206 1610; x_wconf 90' lang='lat' dir='ltr'><strong>ad</strong></span> <span class='ocrx_word' id='word_1_130' title='bbox 221 1562 252 1626; x_wconf 88' lang='lat'><strong>1,</strong></span> <span class='ocrx_word' id='word_1_131' title='bbox 270 1560 304 1608; x_wconf 82' lang='grc'><strong>16</strong></span> <span class='ocrx_word' id='word_1_132' title='bbox 323 1555 382 1619; x_wconf 73' lang='lat' dir='ltr'><strong>§.d</strong></span> <span class='ocrx_word' id='word_1_133' title='bbox 398 1557 426 1610; x_wconf 89' lang='lat' dir='ltr'><strong>et</strong></span> <span class='ocrx_word' id='word_1_134' title='bbox 440 1559 474 1610; x_wconf 82' lang='lat'><strong>52</strong></span> <span class='ocrx_word' id='word_1_135' title='bbox 496 1559 522 1619; x_wconf 80' lang='lat' dir='ltr'><strong>S.</strong></span> <span class='ocrx_word' id='word_1_136' title='bbox 535 1562 561 1610; x_wconf 89' lang='grc'><strong>6.</strong></span> <span class='ocrx_word' id='word_1_137' title='bbox 596 1561 631 1610; x_wconf 81' lang='lat' dir='ltr'><strong>nt</strong></span> <span class='ocrx_word' id='word_1_138' title='bbox 649 1560 729 1611; x_wconf 84' lang='lat' dir='ltr'><strong>huius</strong></span> <span class='ocrx_word' id='word_1_139' title='bbox 746 1559 850 1622; x_wconf 80' lang='lat' dir='ltr'><strong>quidem</strong></span> <span class='ocrx_word' id='word_1_140' title='bbox 864 1556 980 1609; x_wconf 87' lang='lat' dir='ltr'><strong>nomlnis</strong></span> <span class='ocrx_word' id='word_1_141' title='bbox 1002 1558 1140 1620; x_wconf 81' lang='lat' dir='ltr'><strong>genitivus</strong></span> 
     </span>
    </p>

    <p class='ocr_par' dir='ltr' id='par_1_6' title="bbox 42 1623 1141 1896">
     <span class='ocr_line' id='line_1_16' title="bbox 42 1623 1141 1695; baseline 0 -18"><span class='ocrx_word' id='word_1_142' title='bbox 42 1640 49 1663; x_wconf 88' lang='lat'><strong>··</strong></span> <span class='ocrx_word' id='word_1_143' title='bbox 82 1627 121 1678; x_wconf 78' lang='lat' dir='ltr'><strong>in</strong></span> <span class='ocrx_word' id='word_1_144' title='bbox 138 1625 241 1679; x_wconf 77' lang='lat' dir='ltr'><strong>Comm.</strong></span> <span class='ocrx_word' id='word_1_145' title='bbox 258 1627 325 1677; x_wconf 81' lang='lat' dir='ltr'><strong>utini</strong></span> <span class='ocrx_word' id='word_1_146' title='bbox 343 1639 396 1678; x_wconf 92' lang='lat' dir='ltr'><strong>non</strong></span> <span class='ocrx_word' id='word_1_147' title='bbox 413 1629 528 1691; x_wconf 82' lang='lat' dir='ltr'><strong>legitur:</strong></span> <span class='ocrx_word' id='word_1_148' title='bbox 551 1627 615 1681; x_wconf 83' lang='lat' dir='ltr'><strong>civ.</strong></span> <span class='ocrx_word' id='word_1_149' title='bbox 630 1632 662 1695; x_wconf 80' lang='grc'><strong>3,</strong></span> <span class='ocrx_word' id='word_1_150' title='bbox 679 1630 715 1681; x_wconf 82' lang='grc'><strong>89</strong></span> <span class='ocrx_word' id='word_1_151' title='bbox 730 1624 786 1688; x_wconf 66' lang='lat' dir='ltr'><strong>§.A</strong></span> <span class='ocrx_word' id='word_1_152' title='bbox 803 1636 830 1678; x_wconf 88' lang='lat' dir='ltr'><strong>et</strong></span> <span class='ocrx_word' id='word_1_153' title='bbox 847 1630 882 1679; x_wconf 84' lang='grc'><strong>93</strong></span> <span class='ocrx_word' id='word_1_154' title='bbox 899 1623 957 1688; x_wconf 70' lang='lat'><strong>§.4</strong></span> <span class='ocrx_word' id='word_1_155' title='bbox 977 1626 1051 1678; x_wconf 82' lang='lat' dir='ltr'><strong>sciet</strong></span> <span class='ocrx_word' id='word_1_156' title='bbox 1067 1625 1141 1694; x_wconf 80' lang='lat' dir='ltr'><strong>dati·</strong></span> 
     </span>
     <span class='ocr_line' id='line_1_17' title="bbox 90 1696 1140 1764; baseline -0.003 -16"><span class='ocrx_word' id='word_1_157' title='bbox 90 1709 144 1748; x_wconf 78' lang='lat' dir='ltr'><strong>vus</strong></span> <span class='ocrx_word' id='word_1_158' title='bbox 161 1699 214 1747; x_wconf 79' lang='lat' dir='ltr'><strong>est.</strong></span> <span class='ocrx_word' id='word_1_159' title='bbox 247 1696 316 1747; x_wconf 87' lang='lat' dir='ltr'><strong>ltelli</strong></span> <span class='ocrx_word' id='word_1_160' title='bbox 335 1697 427 1748; x_wconf 85' lang='lat' dir='ltr'><strong>Attici</strong></span> <span class='ocrx_word' id='word_1_161' title='bbox 443 1706 534 1748; x_wconf 84' lang='lat' dir='ltr'><strong>autern</strong></span> <span class='ocrx_word' id='word_1_162' title='bbox 549 1696 668 1760; x_wconf 73' lang='lat' dir='ltr'><strong>scriptor</strong></span> <span class='ocrx_word' id='word_1_163' title='bbox 684 1699 735 1764; x_wconf 69' lang='lat'><strong>59,</strong></span> <span class='ocrx_word' id='word_1_164' title='bbox 752 1697 770 1748; x_wconf 84' lang='lat'><strong>5</strong></span> <span class='ocrx_word' id='word_1_165' title='bbox 788 1699 816 1746; x_wconf 89' lang='lat' dir='ltr'><strong>et</strong></span> <span class='ocrx_word' id='word_1_166' title='bbox 832 1696 884 1763; x_wconf 82' lang='grc'><strong>60,</strong></span> <span class='ocrx_word' id='word_1_167' title='bbox 900 1703 917 1749; x_wconf 79' lang='grc'>3</span> <span class='ocrx_word' id='word_1_168' title='bbox 934 1696 1008 1747; x_wconf 74' lang='lat' dir='ltr'><strong>aeter</strong></span> <span class='ocrx_word' id='word_1_169' title='bbox 1023 1707 1071 1758; x_wconf 87' lang='lat' dir='ltr'><strong>pro</strong></span> <span class='ocrx_word' id='word_1_170' title='bbox 1088 1708 1140 1760; x_wconf 77' lang='lat' dir='ltr'><strong>ge-</strong></span> 
     </span>
     <span class='ocr_line' id='line_1_18' title="bbox 91 1764 1141 1834; baseline 0.001 -19"><span class='ocrx_word' id='word_1_171' title='bbox 91 1764 194 1830; x_wconf 85' lang='lat' dir='ltr'><strong>nitivo,</strong></span> <span class='ocrx_word' id='word_1_172' title='bbox 218 1765 265 1829; x_wconf 85' lang='lat'><strong>51,</strong></span> <span class='ocrx_word' id='word_1_173' title='bbox 283 1767 301 1814; x_wconf 84' lang='grc'>6</span> <span class='ocrx_word' id='word_1_174' title='bbox 317 1765 394 1832; x_wconf 83' lang='lat' dir='ltr'><strong>acie,</strong></span> <span class='ocrx_word' id='word_1_175' title='bbox 417 1769 486 1830; x_wconf 88' lang='lat' dir='ltr'><strong>quod</strong></span> <span class='ocrx_word' id='word_1_176' title='bbox 502 1768 531 1817; x_wconf 88' lang='lat' dir='ltr'><strong>in</strong></span> <span class='ocrx_word' id='word_1_177' title='bbox 547 1774 624 1830; x_wconf 86' lang='lat' dir='ltr'><strong>parte</strong></span> <span class='ocrx_word' id='word_1_178' title='bbox 640 1767 763 1818; x_wconf 84' lang='lat' dir='ltr'><strong>codicum</strong></span> <span class='ocrx_word' id='word_1_179' title='bbox 778 1773 838 1834; x_wconf 89' lang='lat' dir='ltr'><strong>est,</strong></span> <span class='ocrx_word' id='word_1_180' title='bbox 861 1764 887 1816; x_wconf 91' lang='lat' dir='ltr'><strong>sl</strong></span> <span class='ocrx_word' id='word_1_181' title='bbox 903 1778 1000 1817; x_wconf 82' lang='lat' dir='ltr'><strong>uerum</strong></span> <span class='ocrx_word' id='word_1_182' title='bbox 1014 1766 1073 1829; x_wconf 86' lang='lat' dir='ltr'><strong>ost,</strong></span> <span class='ocrx_word' id='word_1_183' title='bbox 1089 1776 1141 1831; x_wconf 81' lang='lat' dir='ltr'><strong>pro</strong></span> 
     </span>
     <span class='ocr_line' id='line_1_19' title="bbox 90 1833 326 1896; baseline -0.004 -10"><span class='ocrx_word' id='word_1_184' title='bbox 90 1835 211 1886; x_wconf 85' lang='lat' dir='ltr'><strong>ablativo</strong></span> <span class='ocrx_word' id='word_1_185' title='bbox 229 1833 326 1896; x_wconf 84' lang='lat' dir='ltr'><strong>posuit.</strong></span> 
     </span>
    </p>

    <p class='ocr_par' dir='ltr' id='par_1_7' title="bbox 92 1899 1141 2042">
     <span class='ocr_line' id='line_1_20' title="bbox 124 1899 1141 1971; baseline 0.002 -18"><span class='ocrx_word' id='word_1_186' title='bbox 124 1903 351 1966; x_wconf 80' lang='lat' dir='ltr'><strong>vulneribusque]</strong></span> <span class='ocrx_word' id='word_1_187' title='bbox 378 1901 597 1971; x_wconf 66' lang='lat' dir='ltr'><strong>colendusque</strong></span> <span class='ocrx_word' id='word_1_188' title='bbox 627 1903 679 1956; x_wconf 84' lang='lat' dir='ltr'><strong>Ox.</strong></span> <span class='ocrx_word' id='word_1_189' title='bbox 704 1901 789 1970; x_wconf 91' lang='lat' dir='ltr'><strong>0ud.,</strong></span> <span class='ocrx_word' id='word_1_190' title='bbox 818 1899 865 1966; x_wconf 81' lang='lat' dir='ltr'><strong>qut</strong></span> <span class='ocrx_word' id='word_1_191' title='bbox 886 1901 933 1955; x_wconf 86' lang='lat' dir='ltr'><strong>uni</strong></span> <span class='ocrx_word' id='word_1_192' title='bbox 956 1899 1045 1956; x_wconf 86' lang='lat' dir='ltr'><strong>codici</strong></span> <span class='ocrx_word' id='word_1_193' title='bbox 1066 1900 1141 1956; x_wconf 85' lang='lat' dir='ltr'><strong>iusto</strong></span> 
     </span>
     <span class='ocr_line' id='line_1_21' title="bbox 92 1970 780 2042; baseline 0.001 -20"><span class='ocrx_word' id='word_1_194' title='bbox 92 1973 155 2037; x_wconf 90' lang='lat' dir='ltr'><strong>plns</strong></span> <span class='ocrx_word' id='word_1_195' title='bbox 172 1972 274 2022; x_wconf 77' lang='lat' dir='ltr'><strong>tribuit.</strong></span> <span class='ocrx_word' id='word_1_196' title='bbox 308 1972 353 2024; x_wconf 81' lang='lat' dir='ltr'><strong>ct.</strong></span> <span class='ocrx_word' id='word_1_197' title='bbox 372 1975 460 2023; x_wconf 80' lang='lat' dir='ltr'><strong>adnot.</strong></span> <span class='ocrx_word' id='word_1_198' title='bbox 477 1974 539 2023; x_wconf 86' lang='lat' dir='ltr'><strong>crit.</strong></span> <span class='ocrx_word' id='word_1_199' title='bbox 557 1975 592 2023; x_wconf 91' lang='lat' dir='ltr'><strong>ad</strong></span> <span class='ocrx_word' id='word_1_200' title='bbox 610 1974 643 2035; x_wconf 85' lang='lat'><strong>1,</strong></span> <span class='ocrx_word' id='word_1_201' title='bbox 660 1973 695 2022; x_wconf 85' lang='grc'><strong>39</strong></span> <span class='ocrx_word' id='word_1_202' title='bbox 714 1971 739 2032; x_wconf 77' lang='lat' dir='ltr'><strong>S.</strong></span> <span class='ocrx_word' id='word_1_203' title='bbox 755 1970 780 2042; x_wconf 59' lang='lat'><strong>5,</strong></span> 
     </span>
    </p>

    <p class='ocr_par' dir='ltr' id='par_1_8' title="bbox 89 2037 1230 2661">
     <span class='ocr_line' id='line_1_22' title="bbox 125 2037 1139 2109; baseline -0.001 -17"><span class='ocrx_word' id='word_1_204' title='bbox 125 2039 153 2101; x_wconf 78' lang='lat' dir='ltr'><strong>S.</strong></span> <span class='ocrx_word' id='word_1_205' title='bbox 173 2044 200 2092; x_wconf 83' lang='grc'><strong>2.</strong></span> <span class='ocrx_word' id='word_1_206' title='bbox 241 2055 340 2093; x_wconf 86' lang='lat' dir='ltr'><strong>rursus</strong></span> <span class='ocrx_word' id='word_1_207' title='bbox 357 2042 531 2102; x_wconf 86' lang='lat' dir='ltr'><strong>resistentes]</strong></span> <span class='ocrx_word' id='word_1_208' title='bbox 556 2044 641 2093; x_wconf 82' lang='lat' dir='ltr'><strong>codex</strong></span> <span class='ocrx_word' id='word_1_209' title='bbox 657 2040 776 2109; x_wconf 68' lang='lat' dir='ltr'><strong>deserui,</strong></span> <span class='ocrx_word' id='word_1_210' title='bbox 802 2037 945 2108; x_wconf 77' lang='lat' dir='ltr'><strong>Stephani,</strong></span> <span class='ocrx_word' id='word_1_211' title='bbox 961 2038 1081 2104; x_wconf 72' lang='lat' dir='ltr'><strong>litandi,</strong></span> <span class='ocrx_word' id='word_1_212' title='bbox 1103 2041 1139 2091; x_wconf 83' lang='lat' dir='ltr'><strong>N.</strong></span> 
     </span>
     <span class='ocr_line' id='line_1_23' title="bbox 91 2109 1139 2178; baseline 0.003 -19"><span class='ocrx_word' id='word_1_213' title='bbox 91 2109 152 2160; x_wconf 79' lang='lat' dir='ltr'><strong>Pet.</strong></span> <span class='ocrx_word' id='word_1_214' title='bbox 177 2112 260 2175; x_wconf 80' lang='lat' dir='ltr'><strong>ltong.</strong></span> <span class='ocrx_word' id='word_1_215' title='bbox 284 2111 319 2159; x_wconf 91' lang='lat' dir='ltr'><strong>A.</strong></span> <span class='ocrx_word' id='word_1_216' title='bbox 344 2113 414 2161; x_wconf 70' lang='grc' dir='ltr'><strong>ιον.</strong></span> <span class='ocrx_word' id='word_1_217' title='bbox 437 2125 515 2178; x_wconf 83' lang='lat' dir='ltr'><strong>„sex</strong></span> <span class='ocrx_word' id='word_1_218' title='bbox 533 2110 607 2162; x_wconf 81' lang='lat' dir='ltr'><strong>alii“</strong></span> <span class='ocrx_word' id='word_1_219' title='bbox 629 2111 718 2169; x_wconf 68' lang='lat' dir='ltr'><strong>(dett</strong></span> <span class='ocrx_word' id='word_1_220' title='bbox 741 2110 816 2172; x_wconf 70' lang='lat' dir='ltr'><strong>llum.</strong></span> <span class='ocrx_word' id='word_1_221' title='bbox 841 2111 900 2160; x_wconf 83' lang='lat' dir='ltr'><strong>ort.</strong></span> <span class='ocrx_word' id='word_1_222' title='bbox 917 2122 973 2160; x_wconf 91' lang='lat' dir='ltr'><strong>sec.</strong></span> <span class='ocrx_word' id='word_1_223' title='bbox 993 2122 1037 2160; x_wconf 83' lang='lat' dir='ltr'><strong>ex.</strong></span> <span class='ocrx_word' id='word_1_224' title='bbox 1053 2109 1139 2162; x_wconf 72' lang='lat' dir='ltr'><strong>Febr.</strong></span> 
     </span>
     <span class='ocr_line' id='line_1_24' title="bbox 91 2178 1139 2240; baseline 0.001 -11"><span class='ocrx_word' id='word_1_225' title='bbox 91 2178 150 2231; x_wconf 80' lang='lat' dir='ltr'><strong>l’al.</strong></span> <span class='ocrx_word' id='word_1_226' title='bbox 174 2192 231 2230; x_wconf 88' lang='lat' dir='ltr'><strong>sec.</strong></span> <span class='ocrx_word' id='word_1_227' title='bbox 256 2178 358 2240; x_wconf 75' lang='lat' dir='ltr'><strong>donn.)</strong></span> <span class='ocrx_word' id='word_1_228' title='bbox 382 2180 431 2229; x_wconf 87' lang='lat' dir='ltr'><strong>Dr.</strong></span> <span class='ocrx_word' id='word_1_229' title='bbox 454 2182 488 2229; x_wconf 92' lang='lat' dir='ltr'><strong>A.</strong></span> <span class='ocrx_word' id='word_1_230' title='bbox 506 2181 587 2231; x_wconf 76' lang='lat' dir='ltr'><strong>Vrec.</strong></span> <span class='ocrx_word' id='word_1_231' title='bbox 609 2178 689 2230; x_wconf 85' lang='lat' dir='ltr'><strong>Allc.</strong></span> <span class='ocrx_word' id='word_1_232' title='bbox 713 2180 792 2230; x_wconf 74' lang='lat' dir='ltr'><strong>trote.</strong></span> <span class='ocrx_word' id='word_1_233' title='bbox 816 2179 845 2227; x_wconf 83' lang='lat' dir='ltr'><strong>ll.</strong></span> <span class='ocrx_word' id='word_1_234' title='bbox 869 2180 964 2229; x_wconf 83' lang='lat' dir='ltr'><strong>llomt.</strong></span> <span class='ocrx_word' id='word_1_235' title='bbox 981 2179 1066 2230; x_wconf 85' lang='lat' dir='ltr'><strong>Bonn.</strong></span> <span class='ocrx_word' id='word_1_236' title='bbox 1083 2180 1139 2230; x_wconf 77' lang='lat' dir='ltr'><strong>Gn.</strong></span> 
     </span>
     <span class='ocr_line' id='line_1_25' title="bbox 91 2247 1140 2315; baseline 0.002 -16"><span class='ocrx_word' id='word_1_237' title='bbox 91 2247 175 2300; x_wconf 85' lang='lat' dir='ltr'><strong>vind.</strong></span> <span class='ocrx_word' id='word_1_238' title='bbox 192 2250 271 2298; x_wconf 82' lang='lat' dir='ltr'><strong>llllll.</strong></span> <span class='ocrx_word' id='word_1_239' title='bbox 288 2250 341 2298; x_wconf 89' lang='lat' dir='ltr'><strong>inc.</strong></span> <span class='ocrx_word' id='word_1_240' title='bbox 360 2251 388 2300; x_wconf 89' lang='lat' dir='ltr'><strong>et</strong></span> <span class='ocrx_word' id='word_1_241' title='bbox 404 2250 465 2299; x_wconf 90' lang='lat' dir='ltr'><strong>rell.</strong></span> <span class='ocrx_word' id='word_1_242' title='bbox 483 2251 546 2300; x_wconf 88' lang='lat' dir='ltr'><strong>ente</strong></span> <span class='ocrx_word' id='word_1_243' title='bbox 563 2250 633 2300; x_wconf 83' lang='lat' dir='ltr'><strong>ven.</strong></span> <span class='ocrx_word' id='word_1_244' title='bbox 650 2251 671 2298; x_wconf 86' lang='lat' dir='ltr'><strong>t.</strong></span> <span class='ocrx_word' id='word_1_245' title='bbox 689 2248 835 2315; x_wconf 77' lang='lat' dir='ltr'><strong>inpressos</strong></span> <span class='ocrx_word' id='word_1_246' title='bbox 847 2259 985 2299; x_wconf 80' lang='lat' dir='ltr'><strong>accursus</strong></span> <span class='ocrx_word' id='word_1_247' title='bbox 997 2248 1140 2301; x_wconf 81' lang='lat' dir='ltr'><strong>resisten-</strong></span> 
     </span>
     <span class='ocr_line' id='line_1_26' title="bbox 91 2318 1141 2384; baseline 0.002 -16"><span class='ocrx_word' id='word_1_248' title='bbox 91 2318 136 2369; x_wconf 85' lang='lat' dir='ltr'><strong>tee</strong></span> <span class='ocrx_word' id='word_1_249' title='bbox 152 2318 202 2367; x_wconf 88' lang='lat' dir='ltr'><strong>Dr.</strong></span> <span class='ocrx_word' id='word_1_250' title='bbox 219 2319 250 2366; x_wconf 89' lang='grc' dir='ltr'><strong>Β.</strong></span> <span class='ocrx_word' id='word_1_251' title='bbox 281 2329 388 2367; x_wconf 83' lang='lat' dir='ltr'><strong>rursus</strong></span> <span class='ocrx_word' id='word_1_252' title='bbox 405 2318 536 2384; x_wconf 73' lang='lat' dir='ltr'><strong>repressi</strong></span> <span class='ocrx_word' id='word_1_253' title='bbox 551 2331 587 2370; x_wconf 86' lang='lat' dir='ltr'><strong>oc</strong></span> <span class='ocrx_word' id='word_1_254' title='bbox 603 2319 774 2370; x_wconf 78' lang='lat' dir='ltr'><strong>resistentes</strong></span> <span class='ocrx_word' id='word_1_255' title='bbox 791 2319 875 2368; x_wconf 81' lang='lat' dir='ltr'><strong>Voss.</strong></span> <span class='ocrx_word' id='word_1_256' title='bbox 891 2320 927 2369; x_wconf 89' lang='lat' dir='ltr'><strong>A.</strong></span> <span class='ocrx_word' id='word_1_257' title='bbox 957 2329 1066 2368; x_wconf 80' lang='lat' dir='ltr'><strong>rursus</strong></span> <span class='ocrx_word' id='word_1_258' title='bbox 1087 2329 1141 2370; x_wconf 84' lang='lat' dir='ltr'><strong>re-</strong></span> 
     </span>
     <span class='ocr_line' id='line_1_27' title="bbox 89 2387 1230 2452; baseline 0 -16"><span class='ocrx_word' id='word_1_259' title='bbox 89 2399 209 2452; x_wconf 77' lang='lat' dir='ltr'><strong>pressos</strong></span> <span class='ocrx_word' id='word_1_260' title='bbox 227 2399 264 2438; x_wconf 85' lang='lat' dir='ltr'><strong>oc</strong></span> <span class='ocrx_word' id='word_1_261' title='bbox 279 2387 451 2438; x_wconf 78' lang='lat' dir='ltr'><strong>resistentes</strong></span> <span class='ocrx_word' id='word_1_262' title='bbox 469 2388 549 2441; x_wconf 77' lang='lat' dir='ltr'><strong>Goth.</strong></span> <span class='ocrx_word' id='word_1_263' title='bbox 564 2392 600 2438; x_wconf 89' lang='lat' dir='ltr'><strong>A.</strong></span> <span class='ocrx_word' id='word_1_264' title='bbox 614 2389 697 2440; x_wconf 87' lang='lat' dir='ltr'><strong>vind.</strong></span> <span class='ocrx_word' id='word_1_265' title='bbox 711 2390 746 2438; x_wconf 84' lang='lat' dir='ltr'><strong>A.</strong></span> <span class='ocrx_word' id='word_1_266' title='bbox 763 2389 835 2438; x_wconf 87' lang='lat' dir='ltr'><strong>llev.</strong></span> <span class='ocrx_word' id='word_1_267' title='bbox 851 2387 888 2437; x_wconf 93' lang='lat' dir='ltr'><strong>A.</strong></span> <span class='ocrx_word' id='word_1_268' title='bbox 904 2387 974 2437; x_wconf 89' lang='lat' dir='ltr'><strong>Ven.</strong></span> <span class='ocrx_word' id='word_1_269' title='bbox 992 2389 1014 2439; x_wconf 80' lang='lat' dir='ltr'><strong>t.</strong></span> <span class='ocrx_word' id='word_1_270' title='bbox 1033 2394 1063 2437; x_wconf 90' lang='lat' dir='ltr'><strong>et</strong></span> <span class='ocrx_word' id='word_1_271' title='bbox 1080 2400 1140 2452; x_wconf 80' lang='lat' dir='ltr'><strong>sqq.</strong></span> <span class='ocrx_word' id='word_1_272' title='bbox 1227 2391 1230 2399; x_wconf 82' lang='grc'><strong><em>’</em></strong></span> 
     </span>
     <span class='ocr_line' id='line_1_28' title="bbox 91 2454 1139 2522; baseline -0.001 -17"><span class='ocrx_word' id='word_1_273' title='bbox 91 2454 125 2506; x_wconf 89' lang='lat' dir='ltr'><strong>ld</strong></span> <span class='ocrx_word' id='word_1_274' title='bbox 149 2454 218 2507; x_wconf 78' lang='lat' dir='ltr'><strong>oud.</strong></span> <span class='ocrx_word' id='word_1_275' title='bbox 243 2457 404 2506; x_wconf 87' lang='lat' dir='ltr'><strong>auctoritate</strong></span> <span class='ocrx_word' id='word_1_276' title='bbox 427 2459 502 2506; x_wconf 85' lang='lat' dir='ltr'><strong>Leid.</strong></span> <span class='ocrx_word' id='word_1_277' title='bbox 526 2458 562 2506; x_wconf 89' lang='lat' dir='ltr'><strong>A.</strong></span> <span class='ocrx_word' id='word_1_278' title='bbox 585 2462 613 2506; x_wconf 88' lang='lat' dir='ltr'><strong>et</strong></span> <span class='ocrx_word' id='word_1_279' title='bbox 635 2463 825 2520; x_wconf 78' lang='lat' dir='ltr'><strong>cognatorum,</strong></span> <span class='ocrx_word' id='word_1_280' title='bbox 848 2458 878 2507; x_wconf 91' lang='lat' dir='ltr'><strong>ut</strong></span> <span class='ocrx_word' id='word_1_281' title='bbox 896 2455 1020 2522; x_wconf 84' lang='lat' dir='ltr'><strong>videtur,</strong></span> <span class='ocrx_word' id='word_1_282' title='bbox 1048 2459 1139 2509; x_wconf 82' lang='lat' dir='ltr'><strong>motus</strong></span> 
     </span>
     <span class='ocr_line' id='line_1_29' title="bbox 90 2522 1140 2591; baseline 0.001 -18"><span class='ocrx_word' id='word_1_283' title='bbox 90 2523 192 2590; x_wconf 86' lang='lat' dir='ltr'><strong>tenuit,</strong></span> <span class='ocrx_word' id='word_1_284' title='bbox 222 2538 273 2575; x_wconf 90' lang='lat' dir='ltr'><strong>nec</strong></span> <span class='ocrx_word' id='word_1_285' title='bbox 291 2524 350 2575; x_wconf 85' lang='lat' dir='ltr'><strong>sine</strong></span> <span class='ocrx_word' id='word_1_286' title='bbox 366 2524 482 2577; x_wconf 89' lang='lat' dir='ltr'><strong>ratione.</strong></span> <span class='ocrx_word' id='word_1_287' title='bbox 515 2525 555 2575; x_wconf 85' lang='lat' dir='ltr'><strong>Vt</strong></span> <span class='ocrx_word' id='word_1_288' title='bbox 572 2526 628 2575; x_wconf 82' lang='lat' dir='ltr'><strong>alie</strong></span> <span class='ocrx_word' id='word_1_289' title='bbox 645 2533 724 2591; x_wconf 88' lang='lat' dir='ltr'><strong>sunt,</strong></span> <span class='ocrx_word' id='word_1_290' title='bbox 748 2537 817 2587; x_wconf 86' lang='lat' dir='ltr'><strong>quae</strong></span> <span class='ocrx_word' id='word_1_291' title='bbox 832 2522 862 2573; x_wconf 88' lang='lat' dir='ltr'><strong>ln</strong></span> <span class='ocrx_word' id='word_1_292' title='bbox 877 2523 926 2576; x_wconf 91' lang='lat' dir='ltr'><strong>illo</strong></span> <span class='ocrx_word' id='word_1_293' title='bbox 941 2536 1043 2587; x_wconf 75' lang='lat' dir='ltr'><strong>genere</strong></span> <span class='ocrx_word' id='word_1_294' title='bbox 1062 2525 1140 2576; x_wconf 84' lang='lat' dir='ltr'><strong>codi-</strong></span> 
     </span>
     <span class='ocr_line' id='line_1_30' title="bbox 89 2590 1140 2661; baseline 0.004 -19"><span class='ocrx_word' id='word_1_295' title='bbox 89 2590 276 2658; x_wconf 74' lang='lat' dir='ltr'><strong>conscripta</strong></span> <span class='ocrx_word' id='word_1_296' title='bbox 298 2594 327 2645; x_wconf 89' lang='lat' dir='ltr'><strong>in</strong></span> <span class='ocrx_word' id='word_1_297' title='bbox 349 2593 463 2658; x_wconf 82' lang='lat' dir='ltr'><strong>reliquis</strong></span> <span class='ocrx_word' id='word_1_298' title='bbox 489 2592 592 2646; x_wconf 86' lang='lat' dir='ltr'><strong>emisse</strong></span> <span class='ocrx_word' id='word_1_299' title='bbox 612 2605 661 2656; x_wconf 87' lang='lat' dir='ltr'><strong>pro</strong></span> <span class='ocrx_word' id='word_1_300' title='bbox 683 2593 806 2657; x_wconf 83' lang='lat' dir='ltr'><strong>genuinis</strong></span> <span class='ocrx_word' id='word_1_301' title='bbox 830 2593 918 2655; x_wconf 84' lang='lat' dir='ltr'><strong>accipi</strong></span> <span class='ocrx_word' id='word_1_302' title='bbox 942 2594 1075 2661; x_wconf 86' lang='lat' dir='ltr'><strong>debeant,</strong></span> <span class='ocrx_word' id='word_1_303' title='bbox 1099 2594 1140 2646; x_wconf 89' lang='lat' dir='ltr'><strong>lta</strong></span> 
     </span>
    </p>
   </div>
   <div class='ocr_carea' id='block_1_4' title="bbox 53 2747 1253 4202">
    <p class='ocr_par' dir='ltr' id='par_1_9' title="bbox 53 2747 1253 3648">
     <span class='ocr_line' id='line_1_31' title="bbox 53 2747 1138 2816; baseline 0.003 -18"><span class='ocrx_word' id='word_1_304' title='bbox 53 2747 103 2798; x_wconf 79' lang='lat' dir='ltr'><strong>vel</strong></span> <span class='ocrx_word' id='word_1_305' title='bbox 116 2748 298 2813; x_wconf 82' lang='lat' dir='ltr'><strong>praepositum</strong></span> <span class='ocrx_word' id='word_1_306' title='bbox 312 2748 449 2802; x_wconf 78' lang='lat' dir='ltr'><strong>lahstite</strong></span> <span class='ocrx_word' id='word_1_307' title='bbox 462 2749 509 2800; x_wconf 87' lang='lat' dir='ltr'><strong>vel</strong></span> <span class='ocrx_word' id='word_1_308' title='bbox 522 2748 576 2816; x_wconf 89' lang='lat' dir='ltr'><strong>sic,</strong></span> <span class='ocrx_word' id='word_1_309' title='bbox 616 2749 706 2816; x_wconf 80' lang='lat' dir='ltr'><strong>perte</strong></span> <span class='ocrx_word' id='word_1_310' title='bbox 719 2748 808 2799; x_wconf 83' lang='lat' dir='ltr'><strong>erent</strong></span> <span class='ocrx_word' id='word_1_311' title='bbox 820 2747 970 2816; x_wconf 73' lang='lat' dir='ltr'><strong>dispositi,</strong></span> <span class='ocrx_word' id='word_1_312' title='bbox 985 2747 1138 2814; x_wconf 69' lang='lat' dir='ltr'><strong>inopinan-</strong></span> 
     </span>
     <span class='ocr_line' id='line_1_32' title="bbox 53 2818 1135 2886; baseline 0.004 -20"><span class='ocrx_word' id='word_1_313' title='bbox 53 2823 87 2867; x_wconf 89' lang='lat' dir='ltr'><strong>nt</strong></span> <span class='ocrx_word' id='word_1_314' title='bbox 99 2828 125 2866; x_wconf 89' lang='lat' dir='ltr'><strong>o.</strong></span> <span class='ocrx_word' id='word_1_315' title='bbox 142 2822 177 2868; x_wconf 84' lang='lat'><strong>19</strong></span> <span class='ocrx_word' id='word_1_316' title='bbox 192 2819 220 2879; x_wconf 78' lang='lat' dir='ltr'><strong>S.</strong></span> <span class='ocrx_word' id='word_1_317' title='bbox 232 2819 267 2886; x_wconf 88' lang='lat'><strong>5,</strong></span> <span class='ocrx_word' id='word_1_318' title='bbox 290 2820 364 2885; x_wconf 85' lang='lat' dir='ltr'><strong>(itu,</strong></span> <span class='ocrx_word' id='word_1_319' title='bbox 388 2821 423 2871; x_wconf 81' lang='lat' dir='ltr'><strong>ut</strong></span> <span class='ocrx_word' id='word_1_320' title='bbox 435 2845 472 2858; x_wconf 91' lang='lat'>-</span> <span class='ocrx_word' id='word_1_321' title='bbox 484 2819 575 2871; x_wconf 84' lang='lat' dir='ltr'><strong>actem</strong></span> <span class='ocrx_word' id='word_1_322' title='bbox 617 2821 711 2870; x_wconf 88' lang='lat' dir='ltr'><strong>tes-</strong></span> <span class='ocrx_word' id='word_1_323' title='bbox 723 2818 757 2868; x_wconf 86' lang='lat' dir='ltr'><strong>at</strong></span> <span class='ocrx_word' id='word_1_324' title='bbox 778 2819 891 2868; x_wconf 80' lang='lat' dir='ltr'><strong>nostris</strong></span> <span class='ocrx_word' id='word_1_325' title='bbox 917 2818 1135 2883; x_wconf 75' lang='lat' dir='ltr'><strong>opprimantur.</strong></span> 
     </span>
     <span class='ocr_line' id='line_1_33' title="bbox 54 2887 1185 2957; baseline 0.004 -20"><span class='ocrx_word' id='word_1_326' title='bbox 54 2889 383 2957; x_wconf 80' lang='lat' dir='ltr'><strong>-constttuerunt—,</strong></span> <span class='ocrx_word' id='word_1_327' title='bbox 400 2892 576 2954; x_wconf 78' lang='lat' dir='ltr'><strong>provolave—</strong></span> <span class='ocrx_word' id='word_1_328' title='bbox 618 2889 670 2940; x_wconf 85' lang='lat' dir='ltr'><strong>llis</strong></span> <span class='ocrx_word' id='word_1_329' title='bbox 698 2887 780 2952; x_wconf 76' lang='lat' dir='ltr'><strong>igitur</strong></span> <span class='ocrx_word' id='word_1_330' title='bbox 803 2895 831 2937; x_wconf 89' lang='lat' dir='ltr'><strong>et</strong></span> <span class='ocrx_word' id='word_1_331' title='bbox 855 2887 988 2939; x_wconf 86' lang='lat' dir='ltr'><strong>similibus</strong></span> <span class='ocrx_word' id='word_1_332' title='bbox 1013 2888 1081 2955; x_wconf 89' lang='lat' dir='ltr'><strong>loels</strong></span> <span class='ocrx_word' id='word_1_333' title='bbox 1101 2890 1138 2941; x_wconf 83' lang='lat' dir='ltr'><strong>ut</strong></span> <span class='ocrx_word' id='word_1_334' title='bbox 1183 2924 1185 2930; x_wconf 87' lang='lat'>-</span> 
     </span>
     <span class='ocr_line' id='line_1_34' title="bbox 55 2957 1138 3024; baseline 0.005 -19"><span class='ocrx_word' id='word_1_335' title='bbox 55 2959 145 3017; x_wconf 76' lang='lat' dir='ltr'><strong>runt)</strong></span> <span class='ocrx_word' id='word_1_336' title='bbox 165 2959 212 3009; x_wconf 85' lang='lat' dir='ltr'><strong>vel</strong></span> <span class='ocrx_word' id='word_1_337' title='bbox 224 2959 344 3020; x_wconf 87' lang='lat' dir='ltr'><strong>suppleri</strong></span> <span class='ocrx_word' id='word_1_338' title='bbox 363 2959 480 3023; x_wconf 89' lang='lat' dir='ltr'><strong>patitur,</strong></span> <span class='ocrx_word' id='word_1_339' title='bbox 504 2967 534 3010; x_wconf 92' lang='lat' dir='ltr'><strong>ut</strong></span> <span class='ocrx_word' id='word_1_340' title='bbox 548 2960 576 3024; x_wconf 88' lang='lat'><strong>7,</strong></span> <span class='ocrx_word' id='word_1_341' title='bbox 618 2957 813 3008; x_wconf 86' lang='lat' dir='ltr'><strong>coniunctionis</strong></span> <span class='ocrx_word' id='word_1_342' title='bbox 838 2957 895 3007; x_wconf 87' lang='lat' dir='ltr'><strong>vim</strong></span> <span class='ocrx_word' id='word_1_343' title='bbox 920 2957 1002 3008; x_wconf 85' lang='lat' dir='ltr'><strong>hebet</strong></span> <span class='ocrx_word' id='word_1_344' title='bbox 1021 2958 1138 3010; x_wconf 81' lang='lat' dir='ltr'><strong>mediam</strong></span> 
     </span>
     <span class='ocr_line' id='line_1_35' title="bbox 53 3022 1139 3094; baseline 0.006 -20"><span class='ocrx_word' id='word_1_345' title='bbox 53 3022 91 3074; x_wconf 75' lang='grc'><strong>68</strong></span> <span class='ocrx_word' id='word_1_346' title='bbox 107 3024 135 3086; x_wconf 71' lang='lat' dir='ltr'><strong>s.</strong></span> <span class='ocrx_word' id='word_1_347' title='bbox 156 3027 189 3091; x_wconf 87' lang='lat' dir='ltr'><strong>l,</strong></span> <span class='ocrx_word' id='word_1_348' title='bbox 213 3028 453 3094; x_wconf 75' lang='lat' dir='ltr'><strong>(Vercinpeteric</strong></span> <span class='ocrx_word' id='word_1_349' title='bbox 470 3028 576 3094; x_wconf 82' lang='lat' dir='ltr'><strong>copias,</strong></span> <span class='ocrx_word' id='word_1_350' title='bbox 619 3029 679 3077; x_wconf 81' lang='lat' dir='ltr'><strong>tere</strong></span> <span class='ocrx_word' id='word_1_351' title='bbox 698 3026 770 3078; x_wconf 87' lang='lat' dir='ltr'><strong>inter</strong></span> <span class='ocrx_word' id='word_1_352' title='bbox 788 3039 853 3079; x_wconf 80' lang='lat' dir='ltr'><strong>cum</strong></span> <span class='ocrx_word' id='word_1_353' title='bbox 870 3028 899 3076; x_wconf 87' lang='lat' dir='ltr'><strong>et</strong></span> <span class='ocrx_word' id='word_1_354' title='bbox 915 3029 1085 3093; x_wconf 69' lang='lat' dir='ltr'><strong>postcomm,</strong></span> <span class='ocrx_word' id='word_1_355' title='bbox 1109 3031 1139 3080; x_wconf 90' lang='lat' dir='ltr'><strong>et</strong></span> 
     </span>
     <span class='ocr_line' id='line_1_36' title="bbox 54 3094 1138 3164; baseline 0.004 -20"><span class='ocrx_word' id='word_1_356' title='bbox 54 3094 91 3145; x_wconf 80' lang='lat' dir='ltr'><strong>stt</strong></span> <span class='ocrx_word' id='word_1_357' title='bbox 101 3106 161 3159; x_wconf 82' lang='lat' dir='ltr'><strong>pro</strong></span> <span class='ocrx_word' id='word_1_358' title='bbox 174 3096 283 3147; x_wconf 73' lang='lat' dir='ltr'><strong>eastris</strong></span> <span class='ocrx_word' id='word_1_359' title='bbox 297 3100 508 3164; x_wconf 76' lang='lat' dir='ltr'><strong>collocaverat,</strong></span> <span class='ocrx_word' id='word_1_360' title='bbox 525 3110 576 3148; x_wconf 84' lang='lat' dir='ltr'><strong>re·</strong></span> <span class='ocrx_word' id='word_1_361' title='bbox 617 3099 645 3146; x_wconf 83' lang='lat'><strong>11.</strong></span> <span class='ocrx_word' id='word_1_362' title='bbox 658 3099 676 3147; x_wconf 93' lang='lat' dir='ltr'><strong>l.</strong></span> <span class='ocrx_word' id='word_1_363' title='bbox 689 3097 803 3159; x_wconf 87' lang='lat' dir='ltr'><strong>primurn</strong></span> <span class='ocrx_word' id='word_1_364' title='bbox 816 3097 879 3146; x_wconf 91' lang='lat' dir='ltr'><strong>illos</strong></span> <span class='ocrx_word' id='word_1_365' title='bbox 893 3096 921 3147; x_wconf 90' lang='lat' dir='ltr'><strong>iu</strong></span> <span class='ocrx_word' id='word_1_366' title='bbox 933 3095 1045 3149; x_wconf 86' lang='lat' dir='ltr'><strong>sinistra</strong></span> <span class='ocrx_word' id='word_1_367' title='bbox 1058 3106 1138 3160; x_wconf 83' lang='lat' dir='ltr'><strong>perte</strong></span> 
     </span>
     <span class='ocr_line' id='line_1_37' title="bbox 54 3162 1138 3232; baseline 0.004 -19"><span class='ocrx_word' id='word_1_368' title='bbox 54 3162 159 3222; x_wconf 70' lang='lat' dir='ltr'><strong>aaut]</strong></span> <span class='ocrx_word' id='word_1_369' title='bbox 185 3177 271 3229; x_wconf 86' lang='lat' dir='ltr'><strong>neque</strong></span> <span class='ocrx_word' id='word_1_370' title='bbox 285 3168 387 3217; x_wconf 65' lang='lat' dir='ltr'><strong>metum</strong></span> <span class='ocrx_word' id='word_1_371' title='bbox 404 3169 454 3218; x_wconf 82' lang='lat' dir='ltr'><strong>hoe</strong></span> <span class='ocrx_word' id='word_1_372' title='bbox 472 3168 576 3230; x_wconf 77' lang='lat' dir='ltr'><strong>pariter</strong></span> <span class='ocrx_word' id='word_1_373' title='bbox 618 3166 792 3232; x_wconf 84' lang='lat' dir='ltr'><strong>constitisse,</strong></span> <span class='ocrx_word' id='word_1_374' title='bbox 819 3164 915 3216; x_wconf 89' lang='lat' dir='ltr'><strong>deindo</strong></span> <span class='ocrx_word' id='word_1_375' title='bbox 940 3167 1086 3218; x_wconf 74' lang='lat' dir='ltr'><strong>Atrebates</strong></span> <span class='ocrx_word' id='word_1_376' title='bbox 1108 3167 1138 3217; x_wconf 86' lang='lat' dir='ltr'><strong>ln</strong></span> 
     </span>
     <span class='ocr_line' id='line_1_38' title="bbox 55 3232 1253 3302; baseline 0.003 -20"><span class='ocrx_word' id='word_1_377' title='bbox 55 3239 137 3294; x_wconf 73' lang='lat' dir='ltr'><strong>atres</strong></span> <span class='ocrx_word' id='word_1_378' title='bbox 152 3232 235 3302; x_wconf 90' lang='lat' dir='ltr'><strong>illud,</strong></span> <span class='ocrx_word' id='word_1_379' title='bbox 260 3243 291 3284; x_wconf 88' lang='lat' dir='ltr'><strong>ut</strong></span> <span class='ocrx_word' id='word_1_380' title='bbox 304 3235 507 3298; x_wconf 83' lang='lat' dir='ltr'><strong>constitissent,</strong></span> <span class='ocrx_word' id='word_1_381' title='bbox 525 3248 575 3285; x_wconf 84' lang='lat' dir='ltr'><strong>ac·</strong></span> <span class='ocrx_word' id='word_1_382' title='bbox 617 3236 716 3285; x_wconf 79' lang='lat' dir='ltr'><strong>numen</strong></span> <span class='ocrx_word' id='word_1_383' title='bbox 727 3235 898 3301; x_wconf 84' lang='lat' dir='ltr'><strong>compulisse,</strong></span> <span class='ocrx_word' id='word_1_384' title='bbox 912 3232 993 3284; x_wconf 82' lang='lat' dir='ltr'><strong>simul</strong></span> <span class='ocrx_word' id='word_1_385' title='bbox 1006 3247 1138 3299; x_wconf 83' lang='lat' dir='ltr'><strong>veropo-</strong></span> <span class='ocrx_word' id='word_1_386' title='bbox 1248 3284 1253 3301; x_wconf 76' lang='grc'><strong>,</strong></span> 
     </span>
     <span class='ocr_line' id='line_1_39' title="bbox 56 3300 1138 3375; baseline 0.006 -25"><span class='ocrx_word' id='word_1_387' title='bbox 56 3300 160 3352; x_wconf 82' lang='lat' dir='ltr'><strong>cidisse</strong></span> <span class='ocrx_word' id='word_1_388' title='bbox 179 3310 206 3352; x_wconf 87' lang='lat' dir='ltr'><strong>et</strong></span> <span class='ocrx_word' id='word_1_389' title='bbox 223 3314 308 3366; x_wconf 83' lang='lat' dir='ltr'><strong>aeque</strong></span> <span class='ocrx_word' id='word_1_390' title='bbox 320 3305 367 3354; x_wconf 87' lang='lat' dir='ltr'><strong>vel</strong></span> <span class='ocrx_word' id='word_1_391' title='bbox 380 3305 475 3355; x_wconf 81' lang='lat' dir='ltr'><strong>esdens</strong></span> <span class='ocrx_word' id='word_1_392' title='bbox 488 3305 575 3356; x_wconf 84' lang='lat' dir='ltr'><strong>ratio·</strong></span> <span class='ocrx_word' id='word_1_393' title='bbox 619 3305 722 3375; x_wconf 80' lang='lat' dir='ltr'><strong>sterius</strong></span> <span class='ocrx_word' id='word_1_394' title='bbox 740 3306 790 3356; x_wconf 87' lang='lat' dir='ltr'><strong>loo</strong></span> <span class='ocrx_word' id='word_1_395' title='bbox 810 3303 893 3366; x_wconf 84' lang='lat' dir='ltr'><strong>priori</strong></span> <span class='ocrx_word' id='word_1_396' title='bbox 909 3303 951 3354; x_wconf 92' lang='lat' dir='ltr'><strong>llll</strong></span> <span class='ocrx_word' id='word_1_397' title='bbox 972 3305 1138 3356; x_wconf 83' lang='lat' dir='ltr'><strong>conveniens</strong></span> 
     </span>
     <span class='ocr_line' id='line_1_40' title="bbox 57 3371 1137 3434; baseline 0.006 -16"><span class='ocrx_word' id='word_1_398' title='bbox 57 3381 93 3420; x_wconf 89' lang='lat' dir='ltr'><strong>ne</strong></span> <span class='ocrx_word' id='word_1_399' title='bbox 106 3378 134 3422; x_wconf 88' lang='lat' dir='ltr'><strong>et</strong></span> <span class='ocrx_word' id='word_1_400' title='bbox 147 3382 233 3422; x_wconf 86' lang='lat' dir='ltr'><strong>causa</strong></span> <span class='ocrx_word' id='word_1_401' title='bbox 247 3373 370 3423; x_wconf 84' lang='lat' dir='ltr'><strong>velitem</strong></span> <span class='ocrx_word' id='word_1_402' title='bbox 385 3381 413 3423; x_wconf 87' lang='lat' dir='ltr'><strong>et</strong></span> <span class='ocrx_word' id='word_1_403' title='bbox 426 3375 509 3423; x_wconf 84' lang='lat' dir='ltr'><strong>nitllo</strong></span> <span class='ocrx_word' id='word_1_404' title='bbox 523 3374 576 3424; x_wconf 84' lang='lat' dir='ltr'><strong>mt·</strong></span> <span class='ocrx_word' id='word_1_405' title='bbox 618 3375 705 3424; x_wconf 83' lang='lat' dir='ltr'><strong>luisse</strong></span> <span class='ocrx_word' id='word_1_406' title='bbox 719 3375 861 3434; x_wconf 79' lang='lat' dir='ltr'><strong>docemur3</strong></span> <span class='ocrx_word' id='word_1_407' title='bbox 877 3385 938 3427; x_wconf 85' lang='lat' dir='ltr'><strong>uam</strong></span> <span class='ocrx_word' id='word_1_408' title='bbox 953 3371 977 3422; x_wconf 89' lang='lat' dir='ltr'><strong>sl</strong></span> <span class='ocrx_word' id='word_1_409' title='bbox 988 3373 1055 3424; x_wconf 76' lang='lat' dir='ltr'><strong>allel</strong></span> <span class='ocrx_word' id='word_1_410' title='bbox 1068 3386 1137 3425; x_wconf 87' lang='lat' dir='ltr'><strong>con·</strong></span> 
     </span>
     <span class='ocr_line' id='line_1_41' title="bbox 56 3440 1244 3510; baseline 0.005 -22"><span class='ocrx_word' id='word_1_411' title='bbox 56 3450 109 3489; x_wconf 87' lang='lat' dir='ltr'><strong>nus</strong></span> <span class='ocrx_word' id='word_1_412' title='bbox 135 3440 225 3492; x_wconf 88' lang='lat' dir='ltr'><strong>locum</strong></span> <span class='ocrx_word' id='word_1_413' title='bbox 251 3443 379 3494; x_wconf 81' lang='lat' dir='ltr'><strong>habuisse</strong></span> <span class='ocrx_word' id='word_1_414' title='bbox 398 3443 575 3510; x_wconf 83' lang='lat' dir='ltr'><strong>demonstret,</strong></span> <span class='ocrx_word' id='word_1_415' title='bbox 617 3443 762 3509; x_wconf 85' lang='lat' dir='ltr'><strong>stitissent,</strong></span> <span class='ocrx_word' id='word_1_416' title='bbox 775 3456 827 3495; x_wconf 89' lang='lat' dir='ltr'><strong>neu</strong></span> <span class='ocrx_word' id='word_1_417' title='bbox 835 3443 991 3508; x_wconf 80' lang='lat' dir='ltr'><strong>Atrebates,</strong></span> <span class='ocrx_word' id='word_1_418' title='bbox 1003 3443 1054 3493; x_wconf 84' lang='lat' dir='ltr'><strong>sed</strong></span> <span class='ocrx_word' id='word_1_419' title='bbox 1065 3444 1137 3495; x_wconf 80' lang='lat' dir='ltr'><strong>ellos</strong></span> <span class='ocrx_word' id='word_1_420' title='bbox 1241 3500 1244 3505; x_wconf 53' lang='grc'><strong>,</strong></span> 
     </span>
     <span class='ocr_line' id='line_1_42' title="bbox 56 3510 1137 3574; baseline 0.007 -18"><span class='ocrx_word' id='word_1_421' title='bbox 56 3518 111 3570; x_wconf 76' lang='lat' dir='ltr'><strong>quo</strong></span> <span class='ocrx_word' id='word_1_422' title='bbox 136 3517 272 3572; x_wconf 77' lang='lat' dir='ltr'><strong>potestate</strong></span> <span class='ocrx_word' id='word_1_423' title='bbox 299 3510 422 3573; x_wconf 84' lang='lat' dir='ltr'><strong>praedito</strong></span> <span class='ocrx_word' id='word_1_424' title='bbox 444 3512 576 3564; x_wconf 83' lang='lat' dir='ltr'><strong>adverbio</strong></span> <span class='ocrx_word' id='word_1_425' title='bbox 617 3513 793 3564; x_wconf 82' lang='lat' dir='ltr'><strong>adversarios</strong></span> <span class='ocrx_word' id='word_1_426' title='bbox 806 3511 973 3563; x_wconf 81' lang='lat' dir='ltr'><strong>habuissent.</strong></span> <span class='ocrx_word' id='word_1_427' title='bbox 999 3512 1089 3574; x_wconf 80' lang='lat' dir='ltr'><strong>Atque</strong></span> <span class='ocrx_word' id='word_1_428' title='bbox 1100 3526 1137 3563; x_wconf 81' lang='lat' dir='ltr'><strong>ex</strong></span> 
     </span>
     <span class='ocr_line' id='line_1_43' title="bbox 55 3578 1138 3648; baseline 0.003 -18"><span class='ocrx_word' id='word_1_429' title='bbox 55 3578 92 3630; x_wconf 75' lang='lat' dir='ltr'><strong>st</strong></span> <span class='ocrx_word' id='word_1_430' title='bbox 111 3579 210 3630; x_wconf 85' lang='lat' dir='ltr'><strong>subiici</strong></span> <span class='ocrx_word' id='word_1_431' title='bbox 222 3581 266 3631; x_wconf 84' lang='lat' dir='ltr'><strong>tta</strong></span> <span class='ocrx_word' id='word_1_432' title='bbox 282 3582 330 3632; x_wconf 85' lang='lat' dir='ltr'><strong>vel</strong></span> <span class='ocrx_word' id='word_1_433' title='bbox 339 3581 383 3630; x_wconf 84' lang='lat' dir='ltr'><strong>sic</strong></span> <span class='ocrx_word' id='word_1_434' title='bbox 396 3582 483 3648; x_wconf 87' lang='lat' dir='ltr'><strong>solet,</strong></span> <span class='ocrx_word' id='word_1_435' title='bbox 505 3589 536 3631; x_wconf 90' lang='lat' dir='ltr'><strong>ut</strong></span> <span class='ocrx_word' id='word_1_436' title='bbox 548 3594 574 3632; x_wconf 88' lang='lat' dir='ltr'><strong>c.</strong></span> <span class='ocrx_word' id='word_1_437' title='bbox 617 3583 668 3633; x_wconf 78' lang='lat' dir='ltr'><strong>leae</strong></span> <span class='ocrx_word' id='word_1_438' title='bbox 682 3581 761 3633; x_wconf 87' lang='lat' dir='ltr'><strong>vocis</strong></span> <span class='ocrx_word' id='word_1_439' title='bbox 773 3579 969 3645; x_wconf 81' lang='lat' dir='ltr'><strong>significatione</strong></span> <span class='ocrx_word' id='word_1_440' title='bbox 981 3580 1080 3642; x_wconf 84' lang='lat' dir='ltr'><strong>prodiit</strong></span> <span class='ocrx_word' id='word_1_441' title='bbox 1097 3582 1138 3633; x_wconf 89' lang='lat' dir='ltr'><strong>il-</strong></span> 
     </span>
    </p>

    <p class='ocr_par' dir='ltr' id='par_1_10' title="bbox 54 3641 1170 4202">
     <span class='ocr_line' id='line_1_44' title="bbox 57 3641 1137 3717; baseline 0.006 -21"><span class='ocrx_word' id='word_1_442' title='bbox 57 3647 74 3696; x_wconf 85' lang='lat'>1</span> <span class='ocrx_word' id='word_1_443' title='bbox 92 3645 152 3706; x_wconf 71' lang='lat'><strong>§.3</strong></span> <span class='ocrx_word' id='word_1_444' title='bbox 173 3651 255 3715; x_wconf 81' lang='lat' dir='ltr'><strong>(put,</strong></span> <span class='ocrx_word' id='word_1_445' title='bbox 278 3651 314 3699; x_wconf 80' lang='lat' dir='ltr'><strong>ut</strong></span> <span class='ocrx_word' id='word_1_446' title='bbox 331 3649 490 3701; x_wconf 80' lang='lat' dir='ltr'><strong>Germanos</strong></span> <span class='ocrx_word' id='word_1_447' title='bbox 508 3650 575 3701; x_wconf 85' lang='lat' dir='ltr'><strong>diu·</strong></span> <span class='ocrx_word' id='word_1_448' title='bbox 616 3652 661 3717; x_wconf 95' lang='lat' dir='ltr'><strong>la,</strong></span> <span class='ocrx_word' id='word_1_449' title='bbox 684 3651 762 3701; x_wconf 83' lang='lat' dir='ltr'><strong>euius</strong></span> <span class='ocrx_word' id='word_1_450' title='bbox 776 3650 902 3713; x_wconf 77' lang='lat' dir='ltr'><strong>exemplo</strong></span> <span class='ocrx_word' id='word_1_451' title='bbox 918 3649 948 3700; x_wconf 87' lang='lat' dir='ltr'><strong>ln</strong></span> <span class='ocrx_word' id='word_1_452' title='bbox 965 3650 1055 3707; x_wconf 83' lang='lat' dir='ltr'><strong>adnot.</strong></span> <span class='ocrx_word' id='word_1_453' title='bbox 1074 3641 1137 3703; x_wconf 73' lang='lat' dir='ltr'><strong>orit.</strong></span> 
     </span>
     <span class='ocr_line' id='line_1_45' title="bbox 55 3713 1138 3787; baseline 0.006 -21"><span class='ocrx_word' id='word_1_454' title='bbox 55 3713 115 3766; x_wconf 77' lang='lat' dir='ltr'><strong>tter</strong></span> <span class='ocrx_word' id='word_1_455' title='bbox 126 3715 161 3767; x_wconf 79' lang='lat' dir='ltr'><strong>tn</strong></span> <span class='ocrx_word' id='word_1_456' title='bbox 171 3716 266 3770; x_wconf 75' lang='lat' dir='ltr'><strong>Gallia</strong></span> <span class='ocrx_word' id='word_1_457' title='bbox 278 3720 397 3770; x_wconf 80' lang='lat' dir='ltr'><strong>versari</strong></span> <span class='ocrx_word' id='word_1_458' title='bbox 408 3722 575 3787; x_wconf 80' lang='lat' dir='ltr'><strong>noluerant,</strong></span> <span class='ocrx_word' id='word_1_459' title='bbox 616 3722 652 3771; x_wconf 88' lang='lat' dir='ltr'><strong>ad</strong></span> <span class='ocrx_word' id='word_1_460' title='bbox 672 3722 704 3784; x_wconf 88' lang='lat'><strong>1,</strong></span> <span class='ocrx_word' id='word_1_461' title='bbox 722 3717 741 3771; x_wconf 85' lang='lat'><em>4</em></span> <span class='ocrx_word' id='word_1_462' title='bbox 760 3720 816 3781; x_wconf 73' lang='lat'><strong>§.1</strong></span> <span class='ocrx_word' id='word_1_463' title='bbox 840 3717 937 3786; x_wconf 80' lang='lat' dir='ltr'><strong>attuli,</strong></span> <span class='ocrx_word' id='word_1_464' title='bbox 960 3730 1015 3783; x_wconf 82' lang='lat' dir='ltr'><strong>qua</strong></span> <span class='ocrx_word' id='word_1_465' title='bbox 1032 3732 1138 3773; x_wconf 87' lang='lat' dir='ltr'><strong>eonve-</strong></span> 
     </span>
     <span class='ocr_line' id='line_1_46' title="bbox 54 3782 1137 3857; baseline 0.006 -21"><span class='ocrx_word' id='word_1_466' title='bbox 54 3782 100 3837; x_wconf 84' lang='lat' dir='ltr'><strong>ita</strong></span> <span class='ocrx_word' id='word_1_467' title='bbox 127 3788 231 3851; x_wconf 75' lang='lat' dir='ltr'><strong>pepedi</strong></span> <span class='ocrx_word' id='word_1_468' title='bbox 257 3787 383 3840; x_wconf 79' lang='lat' dir='ltr'><strong>Romaest</strong></span> <span class='ocrx_word' id='word_1_469' title='bbox 413 3790 577 3840; x_wconf 77' lang='lat' dir='ltr'><strong>euerritum</strong></span> <span class='ocrx_word' id='word_1_470' title='bbox 617 3790 746 3842; x_wconf 86' lang='lat' dir='ltr'><strong>nientlam</strong></span> <span class='ocrx_word' id='word_1_471' title='bbox 760 3801 814 3840; x_wconf 92' lang='lat' dir='ltr'><strong>non</strong></span> <span class='ocrx_word' id='word_1_472' title='bbox 830 3787 859 3840; x_wconf 88' lang='lat' dir='ltr'><strong>in</strong></span> <span class='ocrx_word' id='word_1_473' title='bbox 876 3787 958 3849; x_wconf 81' lang='lat' dir='ltr'><strong>rebus</strong></span> <span class='ocrx_word' id='word_1_474' title='bbox 976 3787 1064 3857; x_wconf 87' lang='lat' dir='ltr'><strong>ipsis,</strong></span> <span class='ocrx_word' id='word_1_475' title='bbox 1085 3790 1137 3842; x_wconf 89' lang='lat' dir='ltr'><strong>sed</strong></span> 
     </span>
     <span class='ocr_line' id='line_1_47' title="bbox 56 3852 1163 3926; baseline 0.007 -20"><span class='ocrx_word' id='word_1_476' title='bbox 56 3852 185 3908; x_wconf 68' lang='lat' dir='ltr'><strong>tiemaro</strong></span> <span class='ocrx_word' id='word_1_477' title='bbox 199 3882 233 3895; x_wconf 90' lang='lat'>—</span> <span class='ocrx_word' id='word_1_478' title='bbox 244 3855 276 3907; x_wconf 83' lang='lat' dir='ltr'><strong>in</strong></span> <span class='ocrx_word' id='word_1_479' title='bbox 289 3857 385 3909; x_wconf 80' lang='lat' dir='ltr'><strong>Gallia</strong></span> <span class='ocrx_word' id='word_1_480' title='bbox 396 3860 514 3910; x_wconf 87' lang='lat' dir='ltr'><strong>moleste</strong></span> <span class='ocrx_word' id='word_1_481' title='bbox 526 3861 576 3926; x_wconf 71' lang='lat' dir='ltr'><strong>fe·</strong></span> <span class='ocrx_word' id='word_1_482' title='bbox 618 3865 722 3910; x_wconf 84' lang='lat' dir='ltr'><strong>tantum</strong></span> <span class='ocrx_word' id='word_1_483' title='bbox 739 3859 767 3909; x_wconf 91' lang='lat' dir='ltr'><strong>in</strong></span> <span class='ocrx_word' id='word_1_484' title='bbox 779 3860 900 3920; x_wconf 85' lang='lat' dir='ltr'><strong>tempore</strong></span> <span class='ocrx_word' id='word_1_485' title='bbox 912 3854 1028 3920; x_wconf 78' lang='lat' dir='ltr'><strong>positam</strong></span> <span class='ocrx_word' id='word_1_486' title='bbox 1041 3865 1138 3911; x_wconf 78' lang='lat' dir='ltr'><strong>osten·</strong></span> <span class='ocrx_word' id='word_1_487' title='bbox 1158 3891 1163 3915; x_wconf 63' lang='lat' dir='ltr'><strong>l</strong></span> 
     </span>
     <span class='ocr_line' id='line_1_48' title="bbox 56 3923 1135 3990; baseline 0.006 -16"><span class='ocrx_word' id='word_1_488' title='bbox 56 3923 177 3986; x_wconf 68' lang='lat' dir='ltr'><strong>ream)</strong></span> <span class='ocrx_word' id='word_1_489' title='bbox 198 3925 226 3976; x_wconf 89' lang='lat' dir='ltr'><strong>id</strong></span> <span class='ocrx_word' id='word_1_490' title='bbox 252 3928 321 3989; x_wconf 81' lang='lat' dir='ltr'><strong>quod</strong></span> <span class='ocrx_word' id='word_1_491' title='bbox 347 3927 372 3974; x_wconf 87' lang='lat' dir='ltr'><strong>l.</strong></span> <span class='ocrx_word' id='word_1_492' title='bbox 392 3928 412 3976; x_wconf 91' lang='lat' dir='ltr'><strong>l.</strong></span> <span class='ocrx_word' id='word_1_493' title='bbox 434 3927 496 3978; x_wconf 83' lang='lat' dir='ltr'><strong>neri</strong></span> <span class='ocrx_word' id='word_1_494' title='bbox 521 3940 575 3980; x_wconf 92' lang='lat' dir='ltr'><strong>non</strong></span> <span class='ocrx_word' id='word_1_495' title='bbox 617 3927 657 3978; x_wconf 83' lang='lat' dir='ltr'><strong>dit</strong></span> <span class='ocrx_word' id='word_1_496' title='bbox 676 3932 705 3978; x_wconf 89' lang='lat' dir='ltr'><strong>et</strong></span> <span class='ocrx_word' id='word_1_497' title='bbox 728 3927 848 3990; x_wconf 82' lang='lat' dir='ltr'><strong>proxlmo</strong></span> <span class='ocrx_word' id='word_1_498' title='bbox 866 3929 902 3978; x_wconf 86' lang='lat' dir='ltr'><strong>ad</strong></span> <span class='ocrx_word' id='word_1_499' title='bbox 920 3925 1135 3982; x_wconf 75' lang='lat' dir='ltr'><strong>mninnctlonene</strong></span> 
     </span>
     <span class='ocr_line' id='line_1_49' title="bbox 55 3995 1170 4065; baseline 0.004 -22"><span class='ocrx_word' id='word_1_500' title='bbox 55 3995 145 4057; x_wconf 76' lang='lat' dir='ltr'><strong>nugis</strong></span> <span class='ocrx_word' id='word_1_501' title='bbox 163 4001 272 4061; x_wconf 84' lang='lat' dir='ltr'><strong>potest,</strong></span> <span class='ocrx_word' id='word_1_502' title='bbox 295 3997 477 4062; x_wconf 78' lang='lat' dir='ltr'><strong>quem7,61</strong></span> <span class='ocrx_word' id='word_1_503' title='bbox 501 3995 574 4056; x_wconf 71' lang='lat'><strong>§.12</strong></span> <span class='ocrx_word' id='word_1_504' title='bbox 614 3996 895 4063; x_wconf 79' lang='lat' dir='ltr'><strong>postquamacoedit.</strong></span> <span class='ocrx_word' id='word_1_505' title='bbox 1167 4060 1170 4065; x_wconf 40' lang='lat'><strong>.</strong></span> 
     </span>
     <span class='ocr_line' id='line_1_50' title="bbox 57 4060 1134 4133; baseline 0.006 -21"><span class='ocrx_word' id='word_1_506' title='bbox 57 4073 90 4112; x_wconf 89' lang='lat' dir='ltr'><strong>eo</strong></span> <span class='ocrx_word' id='word_1_507' title='bbox 102 4075 169 4115; x_wconf 85' lang='lat' dir='ltr'><strong>cam</strong></span> <span class='ocrx_word' id='word_1_508' title='bbox 183 4065 259 4115; x_wconf 86' lang='lat' dir='ltr'><strong>esset</strong></span> <span class='ocrx_word' id='word_1_509' title='bbox 276 4066 411 4132; x_wconf 78' lang='lat' dir='ltr'><strong>centum,</strong></span> <span class='ocrx_word' id='word_1_510' title='bbox 434 4068 574 4130; x_wconf 74' lang='lat' dir='ltr'><strong>explora·</strong></span> <span class='ocrx_word' id='word_1_511' title='bbox 667 4065 783 4118; x_wconf 84' lang='lat' dir='ltr'><strong>insecuti</strong></span> <span class='ocrx_word' id='word_1_512' title='bbox 795 4065 909 4130; x_wconf 77' lang='lat' dir='ltr'><strong>gladiis]</strong></span> <span class='ocrx_word' id='word_1_513' title='bbox 927 4060 1005 4133; x_wconf 79' lang='lat' dir='ltr'><strong>cte,</strong></span> <span class='ocrx_word' id='word_1_514' title='bbox 1017 4060 1067 4118; x_wconf 81' lang='lat' dir='ltr'><strong>st:</strong></span> <span class='ocrx_word' id='word_1_515' title='bbox 1084 4075 1134 4119; x_wconf 82' lang='grc' dir='ltr'><strong>οσ-</strong></span> 
     </span>
     <span class='ocr_line' id='line_1_51' title="bbox 56 4131 932 4202; baseline 0.002 -17"><span class='ocrx_word' id='word_1_516' title='bbox 56 4131 136 4190; x_wconf 78' lang='lat' dir='ltr'><strong>teret</strong></span> <span class='ocrx_word' id='word_1_517' title='bbox 149 4132 574 4201; x_wconf 66' lang='lat' dir='ltr'><strong>metumtourtltumssu</strong></span> <span class='ocrx_word' id='word_1_518' title='bbox 615 4133 932 4202; x_wconf 76' lang='lat' dir='ltr'><strong>cursatoetsupladlo·</strong></span> 
     </span>
    </p>
   </div>
   <div class='ocr_carea' id='block_1_5' title="bbox 0 0 1290 4688">
    <p class='ocr_par' dir='ltr' id='par_1_11' title="bbox 0 0 1290 4688">
     <span class='ocr_line' id='line_1_52' title="bbox 0 0 1290 4688; baseline 0 0"><span class='ocrx_word' id='word_1_519' title='bbox 0 0 1290 4688; x_wconf 95' lang='lat' dir='ltr'><strong> </strong></span> 
     </span>
    </p>
   </div>
  </div>
 </body>
</html>
