2572 4688
137 276 204 352 118
398 270 481 347 nli
499 274 682 347 trito
708 274 964 351 (itttlco

139 462 155 523 .'
200 491 203 497 ¹
242 458 300 536 12.-
324 462 500 534 Postridie
508 465 586 534 eius
597 462 668 533 diei
682 463 823 550 caesar,
843 469 1041 558 priusquam
1057 466 1231 541 eeloets

140 570 190 623 ex·
205 559 336 620 terrore
358 575 397 618 uo
420 554 500 641 lugo
520 554 731 644 reciperent,
751 556 787 623 iu
802 558 887 623 finos
901 552 1123 625 Suessionum
1166 562 1230 649 qui

137 640 283 735 proximi
304 640 422 710 Remis
443 649 557 727 erent,
582 643 768 757 preroitum
787 641 885 711 duxit
902 650 939 712 et
959 664 1082 733 magno
1101 647 1117 714 i
1170 668 1230 716 ere

96 844 100 851 '
172 850 251 904 cerr.
267 848 365 901 lisrnb.
380 847 466 899 vase.
483 846 576 910 steph.
589 847 639 899 (ir.
651 847 678 898 b.
696 859 845 915 occasum,
867 846 897 903 in
908 847 1005 903 codice
1015 848 1130 921 Vrsini,
1146 850 1229 905 Leii.

173 923 208 975 A.
225 920 277 971 οι.
295 920 378 982 Bong.
395 915 427 968 (i.
443 916 517 968 (iott.
536 916 618 968 viuri.
634 917 694 969 ilii.
712 920 947 988 praeelegitur,
970 929 999 971 et
1015 920 1088 973 inter
1105 922 1180 974 eolis
1197 930 1227 974 et

135 1024 141 1033 .
174 988 353 1045 &stiterunt
374 986 446 1037 iisv.
470 989 506 1036 A.
523 986 572 1038 Dr.
588 988 619 1037 B.
635 987 717 1038 Goth.
732 991 768 1038 A.
785 987 867 1040 vinti.
881 988 941 1040 Ac.
963 989 1025 1055 (qui
1044 991 1227 1047 comm

101 1100 105 1107 .
175 1058 299 1116 exbibet)
322 1068 383 1106 cunr
405 1055 477 1105 Ven-
501 1055 522 1105 i.
543 1062 573 1105 et
594 1068 620 1106 c.
646 1063 711 1107 suto
727 1056 796 1108 oud.
812 1057 894 1122 sepsi
909 1057 1097 1122 interpositum

173 1129 245 1192 quoti
262 1127 330 1178 oud.
347 1125 493 1174 secuudum
513 1123 632 1175 codicem
647 1125 768 1193 Brenni,
784 1122 903 1190 schotti,
923 1126 1007 1191 liung.
1019 1128 1076 1179 Ait.
1090 1128 1151 1180 Pet.
1164 1130 1226 1183 Pul.

154 1200 245 1251 ..lton
267 1197 353 1246 Dorv.
375 1192 452 1245 Leid.
467 1189 522 1242 BC.
539 1194 613 1245 (iott.
629 1191 684 1244 inc.
698 1193 874 1259 reliquasque
889 1203 953 1247 unte
969 1198 1041 1249 Ven.
1057 1198 1079 1248 i.
1096 1198 1157 1249 eiii.
1175 1200 1226 1250 rie-

134 1265 141 1329 ζ
174 1265 253 1319 levit.
288 1262 397 1315 omisso
420 1262 518 1323 copule
541 1268 570 1313 et
597 1274 720 1313 seorsum
742 1262 830 1326 posito
846 1264 913 1330 boc,
938 1266 1008 1327 quoti
1027 1266 1079 1316 sub
1094 1278 1226 1320 occasum

154 1339 157 1345 '
173 1328 242 1387 s'olis
258 1335 361 1385 iactum
378 1336 438 1396 est,
460 1331 530 1380 bene
543 1331 626 1391 babet
641 1332 724 1397 repsi
739 1335 768 1383 et
784 1343 874 1383 novae
886 1333 1079 1387 enuntiationis
1091 1336 1225 1391 subitum

69 1428 71 1433 v
174 1404 311 1456 commode
334 1407 431 1463 suget:
455 1398 548 1451 sidits
562 1399 690 1452 enclitics
705 1400 871 1465 propiusque
892 1403 929 1453 ati
951 1403 1092 1467 superiora
1114 1408 1224 1458 summo

144 1518 148 1525 ,
173 1479 224 1527 loc
244 1471 333 1536 magis
351 1471 443 1532 placet
460 1469 552 1525 solutu
564 1469 745 1522 destiterunt
761 1479 790 1521 et
806 1471 877 1521 satis
893 1479 937 1522 est
953 1473 990 1525 si
1005 1472 1115 1525 illorum
1131 1474 1223 1537 expli.

135 1536 139 1544 '
162 1542 315 1605 ,sationem
355 1537 423 1589 cnm
440 1536 522 1601 igitur
538 1539 574 1589 ud
589 1539 705 1591 formam
721 1539 851 1592 ursionis
869 1552 921 1603 par
938 1540 976 1590 sit
991 1541 1132 1607 utriusque
1149 1545 1223 1595 seri-

132 1606 153 1671 ',
169 1607 269 1679 piures
285 1606 478 1674 probabilitas,
509 1618 609 1657 sensus
624 1615 716 1659 minen
732 1616 760 1659 et
777 1621 862 1659 sonus
879 1619 983 1672 quoque
997 1610 1112 1665 alienun
1130 1613 1221 1679 inagis

171 1680 356 1744 commendat,
379 1685 411 1729 ut
426 1677 487 1740 ipse
505 1674 622 1740 scriptor
638 1691 698 1730 esen
714 1677 878 1740 praetulisse
895 1678 1030 1730 videatur.
1149 1688 1161 1695 ··

132 1808 135 1813 ,
203 1749 271 1813 cop.
285 1750 327 1798 12.
344 1745 372 1806 S.
387 1749 412 1797 1.
447 1757 478 1795 se
488 1745 595 1806 hostes]
616 1745 713 1799 instes
723 1758 754 1799 se
768 1746 851 1799 vini.
865 1746 899 1797 Δ.
912 1759 982 1811 quae
996 1746 1142 1800 collocatio
1154 1762 1221 1800 rer-

133 1867 138 1885 ,
169 1820 265 1873 borum
280 1818 365 1869 multo
381 1812 508 1867 usitatior
522 1821 574 1864 est.
608 1815 662 1867 ilio
678 1824 767 1866 tamen
783 1817 861 1868 modo
885 1817 918 1880 1,
934 1814 971 1869 ts
988 1815 1047 1877 §.ii
1068 1818 1109 1868 ari
1125 1831 1175 1869 eos
1189 1831 1222 1869 se

169 1889 282 1954 equites
303 1884 479 1951 recipiebant
504 1890 532 1932 et
555 1882 630 1934 inira
646 1897 671 1934 c.
687 1887 722 1936 19
745 1897 811 1936 ctos
827 1898 859 1938 ee
875 1871 921 1936 tut
934 1885 1101 1940 wemtwem
1118 1887 1151 1941 itt
1166 1888 1221 1940 sit-

166 1970 224 2012 eos
242 1956 282 2008 eri
296 1967 364 2004 suos
380 1952 552 2017 reciperent,
563 1952 683 2016 scripsit.

167 2020 171 2027 ’
204 2039 241 2077 ex
256 2023 375 2082 terrore]
400 2024 560 2075 eeterrere
575 2022 623 2073 Dr.
640 2024 671 2073 Β.
693 2019 846 2074 exteriore
862 2022 945 2075 Vret.
961 2020 993 2074 (i.
1010 2023 1094 2076 Bonn.
1118 2036 1158 2077 etc
1179 2024 1221 2077 ii-

170 2106 253 2149 more
266 2093 346 2145 Vrat.
363 2092 395 2140 li.
424 2103 462 2144 eo
478 2102 585 2144 errore
604 2091 666 2142 Alc.
690 2103 729 2143 ee
745 2102 859 2156 pavore
874 2091 925 2142 ox.
943 2093 1025 2144 Vini.
1041 2093 1077 2143 A.
1092 2092 1166 2147 ilar.
1183 2096 1218 2146 A.

157 2163 299 2229 ,Aldinae‚
330 2160 382 2212 tir.
400 2160 542 2212 obvasc.
564 2160 655 2224 stepl.
678 2161 758 2211 Turr.
777 2172 827 2222 pro
853 2173 906 2225 quo
933 2159 1046 2226 Lipsius
1070 2164 1220 2217 seeundum

167 2228 307 2288 Primum
324 2229 457 2296 irretit,
481 2229 550 2294 quoti
566 2229 662 2280 deinde
679 2228 793 2281 obtinuit
814 2236 843 2280 et
866 2228 987 2281 codicum
1009 2242 1098 2283 csuss
1120 2244 1218 2284 verum

167 2302 256 2354 videri
269 2302 356 2352 debet.
390 2299 484 2360 Neque
499 2296 564 2349 alibi
577 2297 682 2351 Caesar
699 2300 747 2349 eui
762 2297 868 2349 Hirtius
880 2299 1001 2364 pavoris
1012 2299 1120 2352 nomino
1133 2301 1220 2355 utitur

166 2371 347 2435 (ram8,13
371 2365 467 2419 merito
483 2366 560 2418 ¹0uti.
578 2369 595 2416 2
616 2369 731 2433 peiore
752 2378 802 2434 pro
823 2378 935 2435 pecore
958 2368 1075 2436 recepit)
1098 2376 1128 2422 et
1151 2372 1178 2431 b.
1196 2372 1218 2422 l.

166 2440 257 2496 lenius
273 2438 342 2492 iliud
358 2436 440 2489 stiam
457 2435 549 2501 aptius
567 2442 619 2487 eet.

132 2626 200 2682 bum
217 2625 350 2689 licuerat,
373 2627 398 2676 b.
414 2638 438 2676 e.
455 2623 532 2689 sequi
546 2625 575 2676 et
587 2636 652 2677 cae·
695 2622 750 2677 ilci
768 2627 797 2676 et
814 2623 883 2689 iuga
895 2635 929 2677 ao
945 2631 1052 2677 terrore
1064 2623 1218 2680 iraoterutn

133 2700 199 2752 ‹lero
212 2699 313 2748 hostes.
341 2695 477 2747 Euclitica
491 2693 551 2744 soni
564 2695 655 2758 gratis
695 2695 795 2746 virium
807 2695 1041 2756 recuperationem
1053 2694 1216 2758 significari.

133 2779 187 2820 uon
213 2764 421 2832 praepositioni,
455 2765 504 2814 sei
534 2763 654 2825 proximo
745 2775 844 2829 magno
857 2764 957 2814 itinere
972 2764 1217 2816 coniecto-eon-

131 2835 424 2897 nominassemus,
445 2835 477 2883 ut
495 2831 567 2884 inire
579 2845 604 2882 c.
618 2832 654 2885 st
696 2833 793 2894 tenuit]
811 2833 887 2884 Alibi
898 2831 1006 2886 itinere
1017 2833 1219 2901 confecturus

132 2906 167 2958 ob
185 2918 290 2971 easque
308 2916 369 2956 res.
403 2901 447 2954 ci.
466 2901 609 2966 zumptius
626 2900 654 2964 s.
697 2915 759 2953 cum
784 2903 906 2954 exercitu
932 2900 1095 2966 pervenisse
1113 2902 1218 2972 aliquo,

132 2974 194 3030 156.
694 2978 725 3022 ut
737 2967 764 3037 t,
778 2969 814 3022 ti
829 2979 859 3022 et
871 2973 900 3036 7,
918 2972 970 3038 5⁶,
986 2971 1034 3022 vel
1045 2972 1217 3039 conmisso,

183 3040 252 3105 cap.
266 3041 310 3091 12.
332 3037 360 3100 S.
374 3041 399 3090 1.
433 3050 467 3090 ac
480 3038 561 3102 iuge]
583 3038 653 3089 Pro·
694 3047 725 3092 ut
736 3040 763 3105 7,
779 3038 831 3109 8³,
854 3040 902 3090 vei
923 3042 1016 3091 bustu
1032 3042 1218 3108 oppressisse,

131 3109 191 3176 prio
210 3123 249 3163 eor
270 3111 344 3177 fupo
361 3121 392 3160 se
411 3107 544 3172 recipere
555 3105 652 3158 ‹licun-
694 3114 725 3159 ut
736 3106 803 3173 4‚t
823 3117 851 3159 et
866 3111 900 3174 6,
915 3111 968 3175 30,
985 3106 1099 3172 ueniere
1110 3109 1217 3176 stirpis

132 3189 178 3233 tur
198 3178 259 3248 qui,
288 3187 430 3242 postquam
448 3177 593 3243 ingerunt,
623 3176 652 3226 io
693 3176 958 3244 representantur,
988 3179 1058 3239 quoi
1074 3175 1219 3231 diversum

131 3249 250 3314 aliquem
269 3258 299 3298 so
318 3250 407 3299 iocum
425 3246 583 3308 conferunt,
605 3245 653 3311 qui
695 3246 729 3298 ab
749 3245 848 3297 itinere
869 3245 994 3299 iaciendo
1013 3253 1104 3310 ussett
1135 3246 1217 3312 itque

131 3320 210 3372 locus
221 3328 294 3368 nunc
307 3314 461 3367 nominatim
472 3314 652 3380 significatur,
693 3316 762 3366 aito
775 3316 962 3368 necessarium
976 3321 1037 3382 est,
1057 3326 1120 3367 euru
1133 3318 1218 3369 aliter

131 3395 163 3439 ut
183 3386 243 3437 civ.
257 3389 290 3452 3,
309 3388 376 3437 102:
400 3385 450 3448 poi
468 3396 499 3435 se
518 3396 558 3435 etr
578 3385 653 3450 sepe
694 3385 860 3453 confectum
872 3388 901 3436 et
913 3383 1041 3436 adfinem
1055 3386 1218 3447 perductum

131 3456 163 3509 io
182 3455 322 3523 finitimos
349 3454 485 3505 civitates
507 3452 651 3516 recepisse
693 3453 747 3505 iter
763 3453 817 3503 diei
836 3461 960 3518 nequeat.
994 3453 1049 3504 iiic
1064 3465 1134 3505 vero
1146 3467 1217 3507 ton-

131 3527 320 3588 eicerentur,
343 3536 414 3575 nunc
428 3520 601 3588 subauditur,
620 3524 652 3572 ut
693 3524 767 3574 lecto
790 3521 896 3574 caesar
913 3522 1010 3573 itinere
1031 3524 1217 3576 contendisse

131 3596 166 3661 0,
189 3595 240 3645 tt:
270 3592 374 3644 deletis
402 3590 529 3641 omnibus
559 3589 650 3654 copiis
692 3592 733 3644 ori
752 3591 887 3656 oppidum
899 3591 1123 3660 Noviodunum,
1145 3595 1171 3643 b.
1188 3607 1215 3644 e.

130 3663 293 3730 equitatum
310 3674 342 3712 re
355 3674 393 3712 ec
410 3663 484 3727 fopo
497 3660 650 3724 recepisse.
691 3661 745 3711 iter
772 3672 804 3710 eo
831 3661 960 3712 celeriter
977 3661 1082 3711 iecisse
1103 3661 1215 3715 dicitur.

130 3733 185 3784 sei
204 3735 229 3781 li.
249 3733 269 3782 l.
290 3743 351 3781 curn
367 3730 512 3792 praecedet
531 3741 570 3780 eor
584 3730 650 3780 ter·
691 3729 768 3791 Quoi
785 3741 821 3778 ue
839 3731 985 3781 absurdum
1005 3730 1150 3799 videatur,
1179 3744 1216 3784 ox

128 3797 648 3929 littittttllzttltttttibtt‘
688 3797 1216 3935 {biblitiitttit‘iti

129 3942 161 3991 ut
172 3936 206 4004 t,
222 3936 258 3988 34
272 3937 369 3989 oostri
380 3949 411 3987 se
423 3950 462 3989 err
475 3937 581 3987 timore
594 3899 648 3986 re-’
688 3936 831 4003 (tiendum,
855 3949 890 3989 ac
904 3937 994 4000 potius
1008 3939 1059 3988 buc
1074 3937 1137 4000 ipso
1149 3951 1214 3990 nee-

113 4008 285 4073 ceperunt,
308 4001 431 4071 siciturus
446 4001 587 4069 &diridet
607 4015 647 4058 err
688 4018 745 4072 poc
764 4004 873 4059 itinere
891 4006 1024 4075 confecto
1038 4009 1215 4062 statuendum

125 4073 203 4142 britti
211 4103 221 4142 p
245 4077 338 4128 eadem
352 4079 507 4138 metaphora
521 4081 646 4126 smenon-
688 4081 732 4124 est
742 4072 873 4125 rationem
890 4072 1044 4141 ueclmri,
1068 4088 1125 4140 qus
1135 4077 1164 4128 in
1177 4077 1214 4128 ii-

123 4149 187 4223 iurn
206 4153 250 4200 est
268 4159 307 4201 etc
335 4145 409 4212 {opo
427 4157 459 4196 se
480 4143 644 4209 recipientes
686 4142 920 4199 msuessionun
929 4144 1080 4199 exercituin
1092 4146 1212 4201 merit.
