2572 4688
160 248 229 317 tat
423 244 497 345 DE
526 244 705 315 annio
737 243 991 323 Gannico

162 458 240 507 sere
253 435 481 505 discesserant
494 441 595 524 etque
609 435 640 505 ie
652 433 725 503 dies
739 433 881 504 montiis
895 443 971 504 erat
984 435 1027 505 ab
1038 435 1093 506 liis
1106 438 1238 528 paulus,

117 527 290 615 aimpetu
316 525 407 591 iacto
436 525 594 591 celeriter
618 531 754 591 nostros
782 526 1079 614 perturbaverunt.
1154 527 1237 595 Rur-

160 636 220 682 sus
239 612 480 681 resistentibus
495 611 735 679 consuetudine
749 635 813 681 sua
835 613 878 680 etl
898 615 1003 704 petias
1022 614 1239 703 desiluerunt,

226 768 354 831 indutiis]
377 768 490 821 inditae
512 769 645 821 vasaei.
672 770 794 823 indatus
800 806 811 841 ,
834 784 894 835 sup.
912 773 933 825 l.
951 781 1013 834 post
1029 774 1086 842 dit,
1111 772 1193 826 vind.
1208 776 1240 828 Δ.

192 840 346 902 Vtrumque
369 841 404 890 sd
427 851 490 890 eam
507 839 670 901 ecriparrsrtr
688 842 778 907 ducit,
801 854 881 904 quam
899 853 917 892 a
934 842 1025 894 Gellio
1039 846 1073 912 l,
1092 844 1129 897 25
1145 846 1239 907 probe·

191 916 248 962 ian
265 923 328 960 cum
345 910 416 961 Aidc
433 920 494 970 nep.
510 910 628 969 praescii
647 911 780 975 vulgatae
793 911 930 963 inductis.
1011 900 1015 935 ¹

227 978 283 1040 iiis]
309 979 368 1028 Pet.
392 978 475 1029 Voss.
500 980 534 1028 Δ.
557 991 614 1029 sec.
637 979 720 1031 Febr.
743 980 827 1045 Bong.
850 981 885 1029 ii.
908 981 957 1031 Dr.
971 980 1029 1031 ab.
1045 980 1132 1033 vind.
1149 980 1239 1032 aiiii.

180 1047 272 1117 ¹Gletb.
296 1049 330 1099 Α.
348 1047 421 1097 Van.
444 1047 515 1097 odei.
537 1047 577 1097 st.
601 1046 649 1098 tir.
673 1048 701 1098 b.
729 1048 786 1100 blla
808 1048 882 1099 Gott.
908 1061 965 1099 sec.
987 1048 1073 1099 Febr.
1090 1050 1173 1101 Vrat
1190 1048 1238 1101 ab.

152 1118 165 1129 ’
189 1118 288 1168 iiamb.
311 1114 349 1167 tis
364 1115 487 1178 reliquae
504 1116 563 1167 edd·
581 1124 643 1167 ante
657 1115 726 1170 oud.
750 1118 792 1169 eis
808 1118 889 1169 Vrat.
902 1120 937 1168 A.
954 1117 1037 1167 acti.
1050 1117 1082 1166 B.
1099 1118 1170 1168 ond.
1184 1119 1239 1170 eine

190 1185 372 1238 adnotatione.
400 1184 447 1236 lte
469 1197 502 1236 eo
525 1186 616 1236 minus
639 1188 796 1238 mutandum
811 1194 889 1254 erat,
912 1187 984 1252 quod
1001 1188 1037 1238 sd
1054 1189 1164 1251 legatos
1180 1201 1239 1253 per-

188 1257 268 1307 tinet.
468 1304 471 1311 .

225 1325 252 1385 8.
266 1328 294 1375 2.
327 1320 532 1387 resistentibus]
558 1324 596 1376 iis
610 1335 670 1377 ree.
685 1325 750 1378 vv.
762 1322 891 1377 mvsa.
905 1322 933 1375 in
945 1324 1008 1375 Not.
1034 1321 1080 1374 lie
1092 1336 1155 1377 ree.
1167 1324 1238 1377 Laid.

190 1395 227 1447 Δ.
242 1392 325 1446 vind.
342 1396 378 1443 A.
395 1394 457 1443 iiid.
475 1396 515 1445 st.
540 1392 572 1444 in
587 1405 645 1445 res.
661 1396 731 1445 And.
755 1393 801 1444 liis
813 1406 873 1447 res.
886 1394 998 1445 uostris
1010 1393 1091 1445 Turi.
1116 1406 1178 1448 res.
1190 1409 1240 1446 tto-

153 1516 156 1521 ,
189 1463 266 1516 stria
286 1461 408 1526 reliquae
432 1465 494 1516 edd.
510 1474 625 1527 excepta
642 1463 691 1514 Gr·
708 1476 734 1515 a.
750 1476 860 1531 omues,
884 1465 966 1515 etiam
983 1463 1239 1530 0ud,‹1uitenen

188 1531 304 1599 uostris
320 1531 349 1582 in
365 1533 470 1599 „tiss
488 1534 625 1597 plerisque
632 1530 651 1561 ‘⁶
671 1533 800 1585 omissum
817 1541 1025 1585 asciseatur.
1060 1534 1097 1585 itt
1115 1534 1240 1586 omissum

188 1609 234 1667 est
257 1603 286 1652 in
307 1602 366 1651 Pet.
391 1615 448 1651 sec.
474 1602 575 1669 cond,
604 1603 633 1653 in
655 1602 730 1653 Gott.
750 1604 835 1655 Voss.
858 1603 892 1653 A.
919 1605 997 1666 Egra.
1021 1602 1109 1669 libbe,
1137 1602 1167 1654 in
1183 1604 1239 1667 eod.

188 1673 283 1723 Brant.
306 1673 483 1735 (quamquam
501 1669 628 1724 Brautius
643 1684 699 1723 non
714 1674 842 1739 nostris,
865 1673 914 1722 sed
930 1684 1039 1723 rursus
1055 1671 1086 1723 iu
1105 1684 1141 1722 eo
1158 1671 1237 1723 cnis-

189 1755 251 1793 eum
271 1741 384 1802 scribit;
406 1741 543 1792 sedidem
559 1743 595 1793 ab
614 1742 657 1791 ed.
674 1742 758 1793 iiasil.
771 1743 872 1793 abesse
890 1741 1002 1808 dicens,
1025 1754 1045 1792 a
1056 1751 1113 1804 uua
1129 1740 1237 1793 nostrie

188 1811 285 1875 abest,
311 1811 359 1860 vei
375 1810 433 1872 ipse
450 1811 557 1863 adamo
574 1823 686 1862 errasse
703 1810 751 1862 vei
767 1822 868 1875 operes
885 1824 940 1862 non
956 1811 1118 1861 obedientes
1131 1809 1239 1862 babuis-

188 1892 222 1930 ιο
240 1878 400 1930 iudicandus
418 1882 487 1940 est.)
502 1882 531 1932 et
545 1880 575 1931 in
593 1880 678 1943 Bong.
697 1882 731 1929 ii.
749 1880 796 1932 Dr.
810 1880 844 1930 A.
862 1881 943 1932 Vrat.
960 1880 1017 1931 Ab.
1036 1880 1121 1930 (ioth.
1137 1883 1171 1931 ii.
1188 1880 1237 1930 tiu.

188 1949 287 1999 iismb.
311 1949 393 1998 vind.
417 1948 464 2014 ia,
491 1951 527 2000 ad
552 1960 666 2013 quorum
684 1949 874 2000 auctoritatem
891 1950 1040 2000 accedente
1057 1949 1176 2000 alteriue
1190 1962 1237 2013 ge-

187 2018 263 2068 neris
280 2016 464 2077 discrepantia
480 2019 572 2068 deiero
589 2018 702 2069 nostris
720 2030 772 2071 non
789 2018 922 2071 dubitavi.
955 2017 1105 2068 Facillime
1123 2018 1192 2069 enim
1205 2031 1237 2068 ex

187 2085 318 2149 proximis
336 2086 380 2149 qai
399 2086 561 2138 resistentes
578 2089 651 2153 sint,
673 2086 829 2154 colligitur,
852 2099 888 2138 eo
901 2085 1002 2150 primus
1022 2088 1065 2137 iiic
1081 2088 1164 2150 quasi
1175 2101 1236 2153 gra·

187 2157 239 2205 dne
264 2162 307 2203 est
331 2157 366 2206 ad
390 2155 545 2209 liberiorem
567 2154 644 2207 iilum
668 2152 785 2208 solitarii
797 2156 922 2209 ‘ablativi
938 2157 1060 2207 absoluti
1077 2169 1173 2220 usum,
1195 2156 1236 2218 qni

187 2223 283 2275 Tacito
305 2223 422 2275 maxime
446 2224 593 2277 familiaris
616 2231 668 2276 est.
703 2224 949 2290 ci.annai.1‚5
973 2225 1044 2276 baec
1060 2226 1154 2289 olette
1170 2226 1235 2277 tolia

171 2292 364 2360 multacibus
382 2304 557 2359 praemere
573 2293 710 2345 ualetudo
727 2294 861 2359 depasti.
884 2297 913 2345 et
934 2307 1004 2357 quae
1022 2295 1190 2351 waltherus
1205 2295 1235 2345 ed

185 2365 259 2483 gno.
281 2364 374 2482 i‚⁵29
398 2363 518 2427 collegit.
554 2361 793 2424 (suetoniifiocus
815 2366 850 2417 ab
875 2366 969 2415 eodem
993 2362 1172 2428 significatus
1194 2371 1232 2415 est

52 2466 55 2475 .
209 2432 313 2483 laudi
364 2442 417 2483 non
434 2434 476 2490 a.)

150 2552 153 2557 ,
221 2464 403 2560 desiluer’unt]
433 2502 545 2566 „Bong-
568 2502 601 2552 A·
618 2501 704 2551 Voss.
720 2498 800 2552 ABG.
818 2501 891 2554 Dok.
907 2500 982 2552 (icti.
1000 2498 1119 2553 Dorv.“
1140 2503 1234 2563 (Voss.

184 2569 220 2621 Α.
238 2569 408 2632 damuati.
426 2583 487 2621 cum
503 2571 516 2620 ι·
532 2582 615 2632 super
632 2572 664 2621 tu
681 2582 738 2622 see.
754 2571 850 2630 Febr.)
868 2571 915 2621 Dr.
930 2572 960 2620 ii.
975 2570 1028 2620 Gn.
1044 2572 1146 2621 iiamb.
1163 2574 1232 2623 iton.

184 2649 212 2689 a.
225 2641 295 2690 iisd.
311 2651 336 2689 a.
354 2642 417 2693 Ber.
436 2642 475 2690 St.
492 2640 540 2691 tir.
559 2639 584 2687 b.
602 2639 669 2688 0ud.
695 2639 887 2693 dissiluerunt
904 2640 966 2692 Pei.
982 2652 1040 2689 sec.
1057 2640 1147 2695 conii.
1160 2642 1231 2692 viat

186 2706 218 2758 0.
236 2709 315 2759 Goth.
331 2711 362 2759 it.
380 2711 460 2760 Vind.
478 2711 511 2759 tt.
540 2708 725 2779 dissilierapt
747 2709 807 2760 Pet.
824 2722 882 2760 sec.
901 2708 986 2758 cond.
1003 2711 1033 2759 et
1048 2709 1136 2761 Febr.
1163 2709 1232 2763 deti·

135 2824 153 2853 .·
184 2774 297 2831 uerunt
313 2779 361 2831 Dr.
374 2781 409 2830 Δ.
425 2779 507 2830 Vrat.
520 2779 576 2829 iiii.
594 2779 673 2829 Gotb.
689 2780 724 2829 ii.
741 2780 770 2829 et
786 2789 857 2830 corr.
874 2776 957 2828 vind.
973 2780 1008 2829 ii.
1026 2778 1088 2828 edd.
1106 2777 1231 2844 reliquae.

186 2846 257 2898 Vide
274 2858 417 2911 praeterea
429 2849 591 2899 varietatem
602 2847 755 2910 scripturae
773 2861 797 2897 c.
810 2847 844 2899 25
861 2845 888 2906 S.
903 2847 920 2897 5
937 2854 966 2897 et
979 2846 1058 2908 iiisp.
1073 2849 1108 2898 ia
1126 2847 1154 2908 S.
1169 2854 1195 2914 3,
1209 2849 1231 2897 et

80 2958 82 2971 .
183 2918 299 2977 termam
316 2920 351 2969 ab
369 2918 436 2967 oud.
455 2916 617 2980 Burmanni,
640 2918 671 2967 ut
687 2916 797 2979 opinor,
822 2916 984 2968 auctoritate
1003 2917 1039 2966 ad
1056 2918 1169 2967 sueton.
1186 2918 1231 2968 lui.

184 2998 209 3036 c.
224 2982 260 3034 ad
283 2996 408 3037 exstante
425 2988 577 3048 precipiam
593 2986 756 3049 eandemque
775 2984 924 3037 Garatonio
940 2988 976 3036 ad
993 2984 1051 3036 cio
1071 2986 1149 3037 Cael.
1165 2987 1231 3037 cti

184 3069 211 3116 p.
226 3057 278 3105 522
302 3056 402 3120 (1265,
420 3055 456 3104 ³0
475 3055 553 3113 iiai.)
572 3062 600 3104 et
620 3056 654 3104 ad
671 3054 729 3104 Mil.
747 3068 771 3104 c.
787 3056 836 3122 10,
853 3054 963 3106 strutio
980 3055 1014 3104 de
1031 3056 1104 3105 deci.
1120 3059 1150 3106 et
1167 3053 1230 3106 coni

184 3137 211 3187 p.
225 3126 295 3190 293,
326 3124 446 3185 Reisigio
461 3125 551 3174 sobai.
575 3136 687 3188 gramm.
703 3137 728 3186 p.
743 3122 795 3177 252
818 3125 957 3187 probatem
979 3135 998 3174 a
1021 3123 1163 3175 codicibus
1187 3136 1230 3174 ne-

183 3204 317 3256 quequam
334 3202 389 3243 tam
406 3200 510 3244 certam
528 3205 590 3243 esse
607 3192 763 3260 intelliges,
794 3202 824 3245 nt
841 3192 1001 3244 dubitationi
1021 3194 1100 3243 iocus
1116 3205 1172 3243 non
1189 3205 1230 3243 re·

182 3260 328 3324 linquatur.
362 3262 507 3315 caesarem
530 3266 620 3313 temen
636 3263 800 3323 reposuisse
821 3262 929 3314 codices
948 3261 1090 3325 probabiie
1105 3263 1230 3315 reddunt:

182 3329 248 3380 beiii
263 3330 453 3395 Hispaniensis
469 3331 598 3397 scriptori
613 3330 757 3385 transiliit
773 3332 972 3383 concedendum
990 3331 1110 3384 videtur.
1154 3400 1160 3411 Ι

148 3486 311 3551 coemptura
325 3485 443 3540 videtur.
462 3485 603 3539 horatius
615 3485 669 3539 iter
708 3499 753 3538 me
773 3484 966 3551 praecedentia
983 3484 1025 3537 ita
1043 3495 1110 3539 sunt
1122 3496 1229 3551 canipa·

146 3557 299 3622 meabant,
315 3570 396 3621 quam
409 3558 458 3620 ita,
474 3565 505 3607 ut
519 3560 584 3607 c.it
598 3566 667 3607 extr.
710 3560 788 3619 rata,
806 3563 837 3606 ut
850 3557 940 3623 alteri,
959 3569 1037 3615 uuam
1052 3556 1172 3610 lieidlus
1184 3559 1229 3609 ad·

145 3625 331 3695 pacificatum
345 3634 402 3691 eet,
420 3625 512 3677 moniti
525 3627 667 3677 debebant.
709 3625 783 3704 bibet
793 3621 948 3708 (bieieicbe
961 3618 1140 3701 {intuitae
1154 3635 1227 3693 pegae

199 3695 226 3756 s.
252 3699 278 3747 2.
325 3697 431 3748 Rursus
461 3696 666 3758 resistentibus]
710 3694 749 3749 διε
769 3689 870 3750 bomar
889 3693 1056 3760 adpretiata,
1087 3695 1145 3751 aab
1171 3693 1227 3758 tiele

146 3765 192 3827 ci.
207 3767 269 3819 adn.
283 3778 322 3816 cr.
336 3768 371 3817 ad
381 3770 410 3831 2,
427 3771 462 3819 23
481 3764 506 3826 s.
521 3770 539 3817 2
557 3775 584 3815 et
598 3778 667 3828 quae
708 3756 983 3830 respiceretque
997 3759 1006 3828 j
1019 3777 1055 3823 ‚tte
1067 3760 1227 3832 witerico

147 3836 183 3899 pti
202 3836 280 3887 iuius
298 3836 364 3889 libri
380 3839 434 3887 c.t
459 3833 515 3897 §.5
540 3835 667 3903 diximus,
708 3828 829 3899 ltiiltab)
859 3835 935 3885 uuiio
957 3777 1034 3884 majo
1058 3837 1227 3887 conveniant.

147 3917 201 3968 auo
215 3906 275 3959 leto
293 3917 400 3956 rursus
413 3917 474 3957 eam
488 3904 667 3969 significatio·
708 3904 770 3955 lion
787 3902 875 3967 magis
896 3900 1006 3966 probari
1024 3910 1118 3965 potest
1137 3902 1228 3954 incisio

145 3986 209 4037 peut
222 3975 322 4025 babere
335 3975 497 4042 videbatur,
519 3987 599 4036 qaam
616 3977 666 4025 iroc
707 3980 771 4045 post
790 3983 917 4041 sprota,
939 3984 1019 4036 quatu
1034 3972 1103 4024 ond.
1124 3971 1155 4024 in
1173 3971 1227 4023 edd.

145 4042 217 4111 bpud
229 4045 307 4099 dubie
322 4045 419 4110 babet,
438 4045 463 4094 si
480 4042 593 4096 nostris
607 4041 667 4095 iure
706 4040 905 4106 unuquioritue
928 4040 1030 4093 iactam
1056 4037 1227 4105 reprehendit

144 4112 290 4175 mattea:
308 4113 334 4166 si
346 4115 450 4180 auus,
467 4116 559 4175 auen
572 4104 666 4181 ortd-
706 4106 936 4184 temptamus,
952 4111 1069 4183 iosap
1081 4110 1143 4179 ipse
1155 4110 1226 4165 iecit
