2572 4688
397 271 504 348 nin
528 271 579 349 11.
618 271 739 351 aar.
763 253 836 349 ιε’
1078 283 1145 353 rea

62 462 267 534 nousuerint.
348 462 406 535 1⁵.
432 462 563 535 Caesar
579 465 722 533 honoris
742 462 907 535 Divitiaei
928 469 1037 553 atque·
1051 463 1145 533 Hae·

63 551 205 635 duorum
228 570 331 618 eausa
347 572 423 619 sees
442 573 501 620 eoe
523 553 558 619 in
577 552 677 620 fidem
691 559 904 642 reeepturnm
920 560 955 620 et
966 574 1145 620 conserva·
1169 576 1183 617 .·

63 648 176 708 turum
197 637 301 705 dixit:
327 637 420 726 quod
434 647 509 707 erat
521 638 641 707 divitas
654 661 773 725 magna
786 642 876 707 inter
890 638 1019 727 Belgae·
1029 649 1144 707 aueto-

63 728 165 794 ritate
195 732 230 791 at
254 746 296 791 ue
323 726 494 794 hominum
523 727 739 793 multitudine
759 727 973 816 praestabat,
1008 749 1144 795 sexten-

63 822 126 882 toe'
147 748 284 880 obsides
311 815 478 902 poposcit.
550 813 616 880 His
636 813 776 880 traditis
795 815 1143 903 omnibusquearmie
1164 818 1187 880 2

64 923 103 969 ex
119 899 246 991 oppido
267 901 409 967 eonlatis
429 901 471 966 ab
493 922 533 966 eo
552 903 629 968 loeo
648 902 683 968 in
704 900 788 967 lines
806 902 1053 983 Ambianorum
1066 923 1145 990 por-

64 989 174 1069 venit,
202 986 262 1076 qui
280 1008 318 1052 ss
338 1010 465 1076 suaque
480 988 589 1055 omnia
604 989 677 1055 sine
690 1004 783 1056 mora
797 988 1012 1059 dediderunt.
1075 988 1145 1057 Eo·
1166 989 1188 1052 8

66 1099 146 1147 tumr
158 1076 244 1142 finos
262 1072 385 1142 Nervii
407 1077 635 1160 attingebant:
673 1097 817 1166 quorum
837 1075 880 1142 de
899 1082 1021 1144 natura
1041 1076 1145 1144 mori·

66 1164 197 1252 busque
218 1160 346 1230 Caesar
371 1184 447 1229 eum
470 1169 666 1251 quaereret,
700 1164 750 1230 sie
776 1165 983 1253 reperiebat:
1045 1157 1187 1239 ,Nur-4

67 1253 134 1318 lum
163 1248 292 1315 aditum
320 1270 398 1317 esee
417 1248 462 1316 ad
486 1272 545 1316 eos
571 1250 835 1318 mercatoribus:
869 1252 954 1318 nibil
978 1244 1051 1340 pati
1075 1251 1147 1319 vini

68 1339 339 1426 reliquarumque
360 1357 474 1404 rerum
494 1337 538 1404 ad
557 1337 726 1406 luxuriam
747 1340 986 1429 pertinentium
1014 1338 1147 1422 inferri,

132 1492 201 1559 cap.
220 1492 264 1545 15.
288 1491 315 1555 S.
336 1495 361 1545 1.
401 1492 484 1544 dixit:
503 1495 588 1559 qnod]
610 1495 701 1562 berg.
723 1496 779 1546 AB.
803 1496 962 1548 retvers.
979 1494 1148 1553 Alimon.

100 1565 174 1618 liett-
191 1565 269 1626 ugni.
286 1561 362 1613 Leld.
379 1561 411 1614 0.
428 1564 474 1614 Dr.
491 1565 525 1613 A.
537 1565 616 1614 Vrut.
634 1568 690 1616 AB.
707 1565 804 1618 llamb.
821 1566 905 1616 llonn.
921 1567 973 1616 (lu.
990 1565 1044 1617 inc.
1067 1563 1148 1618 diutt

11 1664 14 1669 ·
78 1631 82 1639 '
100 1637 131 1688 et
153 1633 230 1701 qaod
253 1633 359 1682 codices
384 1631 496 1694 Vrsini,
521 1631 573 1682 ox.
596 1635 623 1683 S·
640 1635 723 1686 Vind.
739 1637 773 1685 A.
791 1636 865 1684 llav.
883 1637 918 1684 A.
935 1636 977 1685 ed.
994 1635 1087 1698 steph.
1104 1635 1147 1686 lu.

100 1707 152 1755 eto.
171 1709 235 1754 ante
253 1702 321 1753 oud.
349 1700 495 1767 dinitsed
512 1701 673 1766 quodsseg.
690 1702 854 1756 Duk.1.ein
871 1703 902 1752 Β.
919 1704 1003 1755 Dorv.
1021 1704 1080 1754 Pel.
1097 1703 1148 1753 Dr.

101 1774 133 1824 Β.
154 1772 236 1823 Vrat.
261 1768 292 1821 0.
311 1769 392 1821 uota.
409 1770 467 1820 AB.
483 1771 543 1819 rell.
561 1771 621 1820 edd.
637 1779 667 1821 et
683 1772 768 1835 0ud·;
791 1771 853 1837 qui,
878 1771 903 1821 si
924 1773 1077 1835 asyndeton
1093 1783 1149 1822 non

101 1841 246 1906 probaret,
268 1838 389 1889 eodlcmu
408 1850 495 1890 eausa
511 1840 541 1889 et
556 1845 649 1889 tenere
665 1841 795 1906 debebat,
818 1853 879 1890 auur
890 1841 1013 1891 obsidum
1025 1841 1150 1903 postula·

102 1911 140 1961 tio
158 1910 193 1960 ab
211 1907 304 1958 eodem
321 1907 410 1958 animo
426 1908 462 1959 ad
477 1906 667 1968 ignoscendum
686 1911 782 1972 parato
800 1910 924 1973 profecte
939 1909 1027 1960 videri
1043 1916 1149 1976 posset,

103 1991 156 2043 quo
179 1989 211 2027 se
233 1980 457 2029 conservaturum
478 1976 641 2026 Bellovacos
666 1977 790 2028 dixisset.
834 1976 878 2028 01.
902 1975 937 2042 4,
961 1980 1011 2030 27:
1040 1977 1150 2029 Gaesao·

104 2048 222 2115 questus
229 2077 239 2111 ,
253 2045 329 2111 quod
342 2045 445 2096 bellum
458 2044 522 2096 sine
535 2057 624 2097 carna
636 2045 814 2113 intulissent,
828 2045 978 2112 tynoseere
989 2047 1152 2112 inpruden-

103 2117 163 2170 nae
180 2113 261 2167 didit
276 2112 439 2180 obsidesque
455 2114 623 2178 imperavit.
653 2117 707 2166 Sed
725 2117 794 2179 quod
810 2121 913 2166 tantum
923 2128 1063 2168 numerum
1077 2115 1153 2167 obsi-

105 2188 167 2239 durn
184 2168 355 2249 postulabat,
378 2183 534 2234 severitatis
552 2184 658 2250 potius,
680 2196 760 2248 quam
777 2184 937 2237 elementiae
950 2192 1019 2236 erat.
1053 2186 1152 2253 ltaque

104 2253 291 2316 coniungenda
311 2252 362 2304 illa
383 2265 438 2304 non
460 2252 583 2319 putavit,
613 2255 662 2303 sed
682 2253 844 2318 simpliciter
864 2265 1024 2316 componere
1044 2253 1152 2322 maluit,

105 2324 201 2375 eodem
222 2321 344 2387 ratione,
375 2333 443 2384 quae
466 2322 495 2372 in
519 2323 581 2374 adn.
598 2322 658 2372 crit.
678 2324 713 2374 ad
730 2335 755 2372 o.
771 2324 803 2372 11
822 2321 879 2383 SA
894 2324 1078 2376 demonstrata
1099 2329 1153 2374 eet.

105 2392 149 2444 01.
164 2389 197 2458 5,
214 2391 247 2442 7:
278 2391 341 2452 Qua
363 2403 399 2442 re
420 2390 536 2456 eopna‘ta
559 2389 685 2458 Caesar,
717 2393 792 2457 quod
811 2393 926 2442 tantum
943 2392 1058 2443 civitati
1074 2394 1155 2445 llae-

105 2462 181 2514 duae
198 2458 352 2526 depellatis
370 2459 530 2527 tribuebat,
554 2461 744 2512 coercendum
761 2462 848 2525 atque
864 2461 1072 2513 deterrendum
1088 2462 1156 2529 aab
1251 2514 1253 2517 ,

105 2531 275 2593 mecumque
295 2528 381 2580 rebus
403 2531 517 2594 posset,
538 2529 747 2596 Dumnoripem
762 2529 924 2581 statuebat:
947 2532 1022 2596 qaod
1038 2531 1154 2598 lonplus

104 2601 168 2652 etus
190 2598 345 2649 amentiam
367 2597 507 2664 propredi
529 2597 661 2667 uidebat,
689 2598 939 2666 prospiciendum,
961 2612 999 2653 ne
1017 2598 1155 2666 named:
1195 2612 1201 2616 ·

105 2681 141 2724 uc
156 2667 344 2733 reipublicae
359 2678 464 2718 aoeere
478 2670 585 2731 posset.
1170 2670 1174 2679 '

140 2735 168 2796 S·
182 2741 209 2790 2.
244 2735 373 2796 conlatis]
396 2737 481 2798 Bong.
497 2737 533 2786 A.
549 2733 631 2787 Vind.
648 2735 683 2785 A.
698 2745 754 2787 non
770 2736 834 2786 coll.

141 2805 169 2866 s.
188 2803 216 2857 1.
255 2806 291 2856 ad
306 2804 441 2857 luxuriam
457 2804 660 2868 pertinentium]
683 2813 736 2854 on.
753 2806 839 2855 codex
855 2801 973 2873 tolotti,
996 2805 1080 2869 Bong.
1096 2805 1155 2857 AB.

106 2877 185 2940 llgm.
208 2873 282 2925 dett.
306 2876 375 2925 ιον.
400 2875 450 2926 lb.
471 2873 549 2925 Leid.
566 2873 597 2925 0.
613 2875 697 2924 Voss.
714 2871 745 2926 0.
760 2877 842 2926 Vrat.
858 2875 893 2923 Α.
908 2874 991 2926 Vind.
1009 2875 1040 2925 Β.
1056 2875 1155 2927 llamb.

108 2947 192 2996 Bonn.
214 2949 243 2992 et
268 2955 286 2994 a
308 2957 345 2995 m.
369 2957 411 3006 pr.
432 2944 492 2996 Pet.
516 2945 563 2993 Dr.
582 2945 616 2992 A·
632 2945 713 2995 Vrat.
731 2943 762 2992 Β.
779 2957 841 2994 eum
858 2945 900 2992 ed.
915 2943 970 2994 ino.
1003 2943 1156 2995 1n0ud.2

108 3014 189 3066 uncis
210 3011 317 3063 inclusa
334 3022 398 3063 snnt
409 3017 550 3076 ¹tranquam
567 3020 704 3073 suspecta.
738 3013 815 3073 Quae
835 3011 860 3062 si
875 3024 947 3063 vera
963 3015 1007 3064 est
1023 3013 1156 3080 euspicio,

108 3080 257 3135 Gaesarem
281 3084 401 3134 statuere
424 3083 552 3132 debemus
573 3080 757 3147 reliquarum
779 3093 882 3134 reram
904 3081 1087 3145 appellatione
1105 3093 1156 3133 eae

109 3150 299 3217 significasse,
328 3164 398 3214 quae
415 3159 508 3203 esseut
524 3151 582 3200 vini
605 3149 710 3201 similes
734 3153 900 3214 eandemque
918 3151 974 3201 vim
996 3153 1032 3203 ad
1050 3149 1157 3202 animos

109 3220 303 3273 effeminandos
320 3221 459 3273 baberent.
491 3221 561 3273 Nam
577 3217 615 3272 aa
634 3219 720 3274 rebus
737 3221 876 3289 sumbus,
897 3231 967 3285 quae
983 3227 1092 3284 praeter
1111 3221 1156 3272 vi-

74 3373 171 3430 maior
195 3377 284 3442 otaae
307 3374 465 3429 lnlueire'or
491 3374 596 3432 tremit
690 3373 718 3437 S·
733 3380 760 3429 3.
794 3375 836 3426 sie
851 3373 1020 3442 reperiebat]
1044 3375 1087 3427 01.
1103 3371 1160 3427 ad

75 3458 138 3499 ree.
161 3458 232 3510 quae
247 3446 311 3496 item
325 3448 474 3510 praeterita
488 3455 561 3497 sunt.
638 3441 666 3508 S.
681 3446 707 3496 1.
1118 3473 1120 3477 ·

126 3511 196 3580 cup.
211 3513 254 3566 15.
272 3514 299 3574 S.
314 3518 339 3565 1.
373 3515 597 3566 lionoris-cau-
690 3513 718 3573 S.
731 3511 757 3565 4.
791 3513 901 3564 Nullum
915 3511 1106 3574 aditumesse]
1129 3514 1157 3565 b.

75 3585 125 3646 sa]
148 3593 180 3635 ut
199 3585 327 3635 honorem
344 3582 379 3635 iis
398 3583 518 3637 liaberet.
552 3583 596 3635 01.
640 3598 665 3634 e.
684 3595 738 3633 non
756 3581 842 3633 licere
861 3583 946 3634 adire.
987 3581 1030 3632 01.
1052 3594 1078 3631 o.
1097 3595 1158 3645 seq.

76 3655 114 3720 1,
131 3655 167 3706 18
184 3652 244 3712 §.3
267 3653 352 3704 buius
363 3655 510 3718 potentiae
527 3667 597 3705 cau·
640 3654 709 3703 extr.
729 3659 758 3701 et
777 3649 811 3717 4,
828 3655 860 3702 2:
883 3649 1095 3703 mercatoribus
1112 3651 1159 3702 est

76 3735 122 3774 aa.
161 3721 302 3774 Pertinent
327 3731 416 3774 autem
442 3725 492 3775 illa
511 3724 598 3775 verba
638 3723 678 3774 ad
700 3734 749 3773 eos
766 3724 820 3780 (se.
834 3723 957 3781 suevos)
979 3720 1078 3772 aditae
1095 3733 1159 3773 ma·

76 3802 133 3842 uon
145 3793 182 3842 ud
195 3791 290 3854 dealt,
307 3793 384 3855 quasi
399 3794 506 3845 bonone
517 3792 598 3843 Divi·
639 3792 684 3859 pis
703 3803 753 3856 eo,
776 3792 812 3840 ut
833 3803 906 3856 quae
926 3791 997 3841 bello
1016 3788 1159 3854 ceperint,
1265 3840 1267 3849 ,

77 3859 147 3912 tiaci
158 3868 238 3924 atque
248 3863 421 3913 Haeduorum
433 3861 597 3916 oausaGae-
640 3860 740 3926 qubus
752 3860 894 3924 vendant,
911 3859 1049 3924 babeant,
1073 3869 1163 3924 quam

79 3941 128 3981 eur
146 3932 197 3982 boe
215 3929 330 3997 dixerit,
353 3934 403 3982 sed
415 3934 450 3984 ad
464 3934 598 3997 receptu·
641 3943 696 3995 quo
716 3930 805 3979 ullam
824 3943 889 3982 rem
906 3929 945 3980 ad
962 3941 993 3980 se
1011 3926 1161 3994 inportari

79 4010 149 4052 rum
170 4001 202 4051 et
224 3998 483 4052 conservaturum.-
510 4003 539 4052 io
567 4012 599 4050 ee
641 3998 818 4050 desiderent.
851 3997 1033 4049 etAlex.30:
1050 3997 1161 4048 duabus

79 4068 189 4122 lionoris
208 4069 243 4121 ll.
261 4073 343 4134 atque
362 4071 397 4124 ll.
409 4083 495 4125 eausa
507 4073 599 4124 laetu·
642 4082 681 4121 ea
699 4067 832 4133 partibas
852 4068 951 4121 aditae
969 4066 1161 4137 oppupnatio·

80 4150 148 4191 run.
643 4137 690 4193 aie
705 4136 817 4191 nostrie
829 4138 964 4193 dabatur.
