2572 4688
363 380 369 399 ι
408 286 511 364 niu.
538 287 588 366 u.
629 282 752 365 cnr.
779 292 824 366 ro
873 248 879 257 ’
1090 300 1157 374 1⁶1
1257 330 1264 344 ι

70 484 139 555 18.
165 480 250 550 Loci
276 486 398 547 natura
418 487 493 549 orat
516 480 614 562 haec,
647 500 745 569 quem
766 483 877 548 locutu
901 482 1009 552 nostri
1030 491 1157 560 cestrie

70 572 289 656 delogerant:
323 568 432 638 Collis
450 569 493 643 ob
504 590 641 635 eummo
661 569 848 656 aequaliter
866 568 1007 638 deelioio
1029 575 1073 641 od
1089 579 1156 645 flu-

70 682 150 726 men
170 656 308 733 Sabim,
337 656 429 745 qnod
449 678 553 743 eupra
567 655 829 738 nominavimus,
852 659 1023 745 vergebat.
1091 666 1153 733 Ab
1173 672 1198 737 2

70 768 114 812 eo
143 746 280 832 flumine
305 747 380 832 pori
403 743 598 811 adclivitate
619 744 719 811 ooliie
739 743 959 827 nascebatur,
990 747 1156 822 adversus

70 834 153 909 huie
178 841 216 901 et
243 832 455 912 contrarius,
492 852 615 920 pasena
644 830 780 899 circiter
806 829 987 917 ducentos,
1019 837 1157 911 iniimus

107 1012 180 1067 nov.
192 1009 274 1061 Vrat.
292 1012 327 1060 A.
341 1008 425 1061 vind.
444 1006 476 1059 c.
490 1006 559 1060 bod.
573 1008 645 1061 male
655 1011 684 1060 et
696 1015 807 1074 contra,
825 1022 905 1075 quam
917 1023 972 1064 non
984 1013 1071 1067 auum
1083 1015 1157 1070 an-

108 1094 175 1147 aer,
196 1081 247 1129 eed
265 1079 392 1129 meliores
410 1090 504 1130 omues
524 1080 627 1144 solent,
658 1078 704 1143 qni
729 1081 886 1132 aestimare
904 1092 1039 1145 nunquam
1058 1087 1091 1137 do
1110 1100 1156 1157 eo,

48 1150 53 1157 ‘
108 1150 179 1213 quod
192 1147 342 1199 laciendum
355 1150 407 1212 est,
421 1148 468 1195 sed
482 1148 609 1198 derebus
621 1149 809 1208 praesentibus
823 1150 870 1198 vel
881 1152 1034 1211 praeteritio
1046 1166 1157 1208 earnm-
1227 1210 1229 1215 ,

108 1230 162 1283 que
182 1217 268 1281 pretio
288 1218 333 1266 vel
353 1227 479 1267 mensura
493 1212 600 1279 proprie
614 1217 660 1266 vel
680 1217 862 1280 metaphorice
876 1219 977 1270 dicunt.
1010 1220 1054 1273 ci.
1066 1227 1101 1286 3,
1118 1228 1155 1279 211

108 1286 185 1349 SA,
215 1282 374 1351 ⁵,1s‚9,
404 1288 437 1335 13
455 1283 528 1354 (5.2,
550 1286 584 1350 7,
604 1281 638 1335 tt
654 1282 748 1353 Sat),
772 1288 807 1336 39
825 1284 898 1354 Sd,
928 1287 1156 1361 civ.3‚1s.6,

108 1360 151 1407 23·
165 1355 192 1416 S.
203 1352 231 1405 4.
266 1354 301 1403 Et
314 1353 510 1418 modoetiae,
525 1353 636 1418 quadiu
649 1351 835 1418 antiquissimo
847 1355 939 1408 cedite
952 1365 1012 1427 eet,
1028 1371 1081 1413 uon
1094 1363 1158 1418 lou.

107 1426 171 1491 gine
182 1424 217 1479 ab
228 1422 371 1489 emittite,
389 1435 467 1486 quarn
481 1425 515 1473 ab
529 1423 642 1473 cestim.
656 1423 742 1475 abest.

143 1494 212 1556 cup.
226 1493 269 1545 18.
293 1491 318 1552 S.
335 1493 359 1541 1.
393 1494 497 1552 sabim]
520 1492 652 1544 varietas
667 1492 812 1544 editionum
825 1492 851 1542 1.
865 1494 884 1544 1.
900 1495 1008 1564 eadem,
1032 1497 1157 1553 eodienm

108 1574 195 1627 pneue
214 1563 309 1611 eadem
327 1569 387 1626 eat,
410 1573 518 1623 quaec.
534 1563 567 1611 16
584 1561 659 1625 §.13
683 1563 732 1611 aed
745 1562 827 1633 ¹vind.
840 1565 875 1613 A.
892 1563 1043 1631 Somnum,
1059 1580 1157 1634 margo

107 1634 189 1685 Vtut.
201 1632 232 1680 11.
245 1642 264 1681 a
276 1644 312 1680 m.
327 1643 383 1679 aec.
399 1630 516 1681 scaldio
530 1629 644 1679 exbibet.
678 1629 797 1680 Scaldim
817 1631 869 1680 sibi
888 1643 984 1684 vorum
1003 1636 1092 1687 videri
1104 1638 1157 1689 de-.

97 1695 272 1757 :monstravit
290 1699 397 1765 Lepluu
410 1699 438 1749 in
451 1699 606 1750 ll'ouoetleo
619 1698 799 1750 coniectores
813 1713 866 1750 orer
878 1700 1103 1766 l'emplocemeot
1115 1710 1157 1759 du

109 1771 210 1833 cleomp
229 1769 265 1820 de
285 1768 400 1828 boteille
419 1764 456 1818 oti
475 1767 563 1818 Gerar
575 1766 644 1831 de'fit
655 1768 774 1819 l’ormo'e
787 1770 836 1819 des
851 1770 998 1822 Neroiens
1013 1774 1158 1831 (cambrai

110 1838 195 1898 1830)
219 1847 247 1889 ot
261 1839 399 1902 regionem
418 1838 490 1887 inter
506 1838 633 1889 Bononio
646 1840 675 1886 et
689 1840 835 1889 l⁷ouceltco
848 1841 930 1890 talem
945 1854 1008 1891 esse
1020 1843 1104 1912 dicit,
1126 1846 1157 1898 in

110 1921 164 1971 qun
182 1918 217 1957 aa
234 1906 337 1969 omnia,
362 1918 430 1971 quae
443 1907 549 1957 caesar
564 1908 590 1956 lt.
602 1907 621 1956 l.
634 1908 797 1970 ostenderit,
815 1912 972 1969 appareant.
1006 1909 1049 1974 ct.
1062 1911 1157 1965 Jour-

28 1968 31 1985 '
109 1976 346 2029 antecessiones
362 1987 387 2025 a.
404 1974 480 2042 1830,
497 1989 532 2025 rn.
546 1977 627 2025 Mart.
641 1989 672 2037 p.
687 1976 746 2026 190.
775 1976 890 2036 Quodsi
904 1990 999 2029 verum
1013 1988 1065 2047 est,
1083 1981 1158 2034 cae.

111 2058 200 2097 earetn
228 2057 282 2097 nou
299 2044 425 2095 Scaldim
446 2042 606 2109 scripsisse,
637 2045 686 2093 aed
703 2044 811 2094 nomina
829 2046 965 2097 fluminum
984 2058 1157 2109 permutasse

112 2115 252 2182 auspicor,
268 2114 312 2164 oui
326 2112 472 2175 suspicioni
485 2111 586 2175 aliquid
600 2112 796 2174 probabilitatis
811 2116 916 2164 accedit
928 2127 975 2183 eo,
990 2120 1061 2178 qnod
1073 2122 1100 2189 6,
1118 2126 1156 2174 33

110 2184 234 2237 scaldem
253 2183 280 2232 iu
298 2185 401 2232 Mosam
422 2182 533 2231 inbuere
546 2182 627 2247 dicit,
647 2183 716 2244 quod
729 2184 762 2231 do
778 2184 841 2234 labi
856 2184 955 2234 dictum
970 2185 1086 2242 videtur.
1118 2193 1157 2247 En

108 2250 233 2308 semiim
244 2250 283 2301 ibi
294 2250 322 2301 in
335 2252 453 2300 eiusdem
467 2252 546 2301 Vrat.
558 2251 588 2299 Β.
603 2251 723 2314 margine
738 2264 755 2302 a
768 2264 803 2301 ur.
818 2266 841 2303 a.
855 2255 970 2313 positum
984 2263 1035 2305 eet.

40 2364 44 2369 .
143 2320 171 2383 s.
183 2323 210 2370 2.
243 2319 415 2379 adclivitate]
438 2318 521 2382 Boug.
540 2318 595 2368 AB.
607 2321 691 2371 Voss.
712 2322 745 2369 A.
765 2333 818 2370 non
831 2324 902 2371 eccl.
925 2325 992 2381 (act.
1008 2326 1068 2376 Pet.
1080 2326 1158 2390 Pal.)

110 2388 294 2442 lucodieibue
306 2389 417 2456 Vrsini,
434 2387 484 2437 Cu.
497 2389 573 2438 Leid.
586 2390 620 2438 Α.
633 2388 714 2438 vind.
726 2390 760 2440 A.
784 2391 950 2443 declivitate
965 2394 1081 2464 legitur,
1105 2409 1156 2448 cu-

109 2461 155 2511 iue
174 2458 280 2509 seilicet
300 2459 418 2520 speciem
436 2457 516 2507 collis
536 2472 551 2508 e
569 2457 712 2519 longinquo
730 2469 890 2520 prospectus
909 2468 937 2509 et
957 2474 1024 2514 cnm·
1035 2464 1157 2518 citeriori

109 2534 282 2591 comparatus
293 2528 358 2577 item
373 2526 530 2589 praebebat.
564 2526 617 2574 Sed
631 2539 648 2576 a
662 2526 769 2576 tlonnne
782 2529 988 2598 accedentibus,
1012 2544 1064 2595 que
1083 2534 1155 2587 scri-

107 2604 171 2662 ptor
184 2608 234 2647 noe
249 2596 337 2659 ducit,
354 2595 507 2645 adelicitoe
520 2594 607 2643 videri
620 2595 707 2643 debet.

142 2666 267 2725 mimus]
288 2663 409 2731 infinitos
422 2665 502 2714 Vind.
517 2661 548 2714 G.
573 2661 678 2727 trudaris
692 2661 765 2712 beid.
780 2665 815 2713 A.
843 2663 971 2731 inferius
984 2667 1055 2717 Dok.
1071 2669 1155 2723 Vind.

108 2735 134 2787 1.
156 2733 244 2799 beline
257 2733 340 2798 Bong.
350 2735 381 2783 B.
402 2730 501 2797 infima
513 2731 570 2782 Pet.
584 2734 652 2794 quod
668 2734 818 2783 Burmanno
834 2737 972 2796 vulgatam
992 2738 1156 2797 scripturam

110 2802 146 2857 311
166 2801 352 2854 ueretillam.
371 2801 405 2866 t,
421 2801 473 2853 382
497 2800 585 2850 minus
607 2802 757 2865 elegantem
776 2801 905 2853 iudicanti
923 2804 1066 2866 indulgens
1086 2807 1155 2859 Oud.

101 2872 223 2941 recepit.
257 2871 300 2922 ct.
320 2873 410 2922 adnot.
429 2870 491 2921 crit.
506 2872 540 2922 ad
553 2872 610 2924 c.8
627 2870 654 2931 S·
669 2875 685 2923 2
703 2878 731 2920 et
744 2871 777 2939 7,
796 2867 845 2923 lo:
866 2871 916 2923 sub
928 2872 1026 2938 infirm
1039 2875 1110 2928 colle
1126 2879 1155 2927 et

107 2940 147 2993 ib.
163 2954 189 2993 c.
200 2942 250 2994 73:
266 2938 410 3007 abtnflmo
423 2940 494 2992 solo.

125 3110 194 3178 cop.
203 3114 247 3167 18·
265 3111 293 3175 S.
307 3116 333 3165 1.
367 3114 403 3166 ab
415 3102 532 3172 summo]
552 3110 594 3163 Gt.
637 3125 697 3163 earn
716 3113 847 3185 babebat,
871 3114 899 3167 et
914 3120 991 3167 reeta
1004 3113 1057 3166 eibi
1070 3128 1154 3182 oppo-

74 3184 475 3246 7,1b:coltioerotteniter
496 3183 530 3232 ob
547 3183 595 3231 tn·
637 3183 783 3233 sitierant.
1211 3180 1217 3191 '

75 3253 286 3320 fiatoodclioto.
319 3253 416 3306 ibo-3:
436 3252 548 3315 stipites
561 3251 596 3301 ab
688 3264 787 3312 passus
808 3252 918 3305 circiter
936 3252 1079 3312 ducentos]
1104 3252 1156 3305 llis

74 3335 186 3373 summ
215 3322 370 3386 praeacuti
401 3324 432 3372 et
453 3321 595 3385 praeusti.
637 3322 731 3370 verbis
745 3325 865 3375 nonnulli
882 3323 976 3384 putant
986 3323 1156 3376 altitudinem

75 3395 110 3458 o,
127 3394 179 3441 262
197 3392 231 3442 ab
244 3392 305 3442 eitto
319 3392 430 3450 (cornu)
447 3403 565 3440 sommo.
638 3391 717 3440 'collis
733 3392 899 3456 significari,
919 3398 950 3438 ut
963 3392 989 3455 3,
1008 3394 1056 3440 la:
1073 3394 1156 3444 tecue
1210 3424 1217 3435 ι

127 3458 155 3519 s.
175 3462 202 3509 2.
241 3461 302 3523 pari
320 3460 492 3519 acclivitate]
525 3462 549 3509 ln
570 3471 595 3507 e.
640 3463 708 3509 erat
725 3466 893 3512 castrorum
905 3459 997 3509 editoe
1010 3462 1039 3510 et
1048 3463 1155 3524 paula·

74 3527 141 3579 iten
152 3530 305 3593 aequaliter
319 3529 435 3578 declivis
448 3530 482 3578 ad
498 3531 596 3579 tlumeu
640 3529 693 3578 tim
721 3531 755 3579 ab
777 3533 833 3583 imo
859 3528 998 3594 odoliot'e,
1031 3531 1158 3581 circiter·

75 3609 195 3662 vergens
208 3600 237 3647 et
249 3599 342 3649 eadem
357 3598 506 3648 altitudine.
636 3610 740 3662 possus
762 3603 849 3651 atille.
895 3597 946 3647 ills
975 3599 1066 3650 obstat
1087 3602 1159 3664 quod

125 3668 303 3726 parcebatur]
337 3666 491 3731 oriebatur,
527 3666 596 3728 quod
638 3680 792 3720 mensuram
814 3672 848 3720 ad
864 3666 1084 3731 perpendiculum
1109 3682 1159 3719 re-

73 3734 181 3787 bunut.
194 3736 255 3799 lug.
267 3734 303 3787 48
320 3734 347 3794 S.
361 3738 378 3784 3
399 3735 465 3785 item
478 3737 511 3784 de
524 3737 595 3786 colle
638 3738 745 3788 doctam
757 3739 873 3802 cogitari
886 3737 993 3802 iubent,
1017 3750 1079 3789 cum
1094 3741 1159 3802 pla·

37 3862 48 3875 ἣ
74 3799 151 3855 dicit.
193 3805 281 3854 ulmili
310 3807 467 3865 metaphora
498 3802 594 3855 cicero
636 3805 730 3856 nitiem
749 3809 828 3859 collis
845 3814 873 3856 et
894 3805 1160 3866 superficientem·

74 3872 162 3925 Aoed.
175 3875 209 3922 2.
226 3876 261 3924 33
280 3874 407 3923 Fauonio
420 3875 566 3924 nectente.
637 3874 697 3923 dice
715 3878 749 3926 ad
768 3889 898 3927 eummnm
910 3885 964 3924 non
977 3876 1093 3939 amplius
1106 3879 1158 3927 du-

126 3942 265 3993 adversim
291 3942 351 3991 lruie
376 3951 404 3993 et
427 3942 593 4001 contrarius]
637 3944 724 3994 centis
738 3948 865 4007 passibus
882 3944 1006 4006 potuisse
1025 3946 1157 3996 credibile

73 4008 147 4061 illua
164 4012 420 4077 conformationem,
444 4015 493 4062 boc
514 4012 594 4061 situm
636 4024 691 4063 non
712 4015 756 4064 ait.
798 4017 834 4065 ut
853 4014 916 4076 qnid
937 4012 1070 4065 attinebat
1088 4027 1155 4077 por-

73 4078 156 4131 eobb
175 4074 287 4131 indicat.
320 4081 443 4144 Vterque
456 4080 595 4131 aasabim
636 4082 770 4142 pendiculi
788 4094 943 4134 mensuram
963 4083 1078 4148 docere,
1101 4077 1156 4132 nini

74 4148 210 4215 vergebat
221 4149 389 4213 trouonque
398 4150 483 4203 tronti
492 4150 594 4202 adver·
634 4150 717 4203 etiarn
731 4152 897 4206 declivitotie
907 4151 978 4203 ratio
989 4160 1155 4204 monstrare-

902 4222 943 4286 ll
