2572 4688
323 278 339 317 s
406 261 513 337 illi.
539 261 572 336 l.
614 260 736 338 cui.
762 265 809 335 43
1100 272 1148 341 95

58 456 128 525 tiae
147 457 225 521 erat
250 472 369 539 magna
388 458 425 519 et
444 452 491 521 in·
502 473 543 518 ea
561 452 713 520 tumulus
726 460 882 539 terrenus
897 450 984 523 satis
999 453 1153 541 grandis.

21 588 24 593 ·
56 544 129 613 Hie
144 545 244 610 loeus
264 564 302 609 ae
350 541 456 611 oiara
469 538 580 629 spatio
592 539 635 606 ab
651 543 776 610 eastris
790 541 961 609 Ariovisti
974 549 1011 609 et
1025 542 1162 611 caasa·
1188 620 1190 626 .

56 635 110 701 ris
126 631 259 700 aberat.
335 651 374 709 o,
393 635 435 695 ut
447 636 523 696 eret
533 627 679 712 dietum,
699 629 744 695 ad
758 630 962 720 colloquium
976 639 1152 702 venerunt.

56 720 246 807 Legionem
267 714 414 798 Caesar,
440 738 541 804 quam
566 717 663 803 equis
683 715 882 799 devexerat,
910 720 1069 806 passibus
1088 719 1187 786 ‹lu-2

57 808 171 878 uentis
193 805 236 874 ah
259 826 300 873 oo
323 805 455 872 tumulo
479 804 669 873 constituit.
694 854 696 859 -
717 803 805 873 Item
828 805 962 894 equites
982 806 1154 877 Ariovisti

94 1000 161 1053 Pal.
179 997 268 1050 trihus
284 995 483 1050 recentioribus
501 997 570 1051 oud.
587 998 636 1051 Dr.
654 998 686 1049 Β.
696 999 777 1052 Vrao.
797 999 828 1052 c.
848 999 927 1051 Gollr.
945 1001 975 1051 ll.
987 998 1154 1055 vinacii.
1189 997 1193 1012 '

63 1100 67 1107 ·
93 1083 158 1120 noa
176 1069 205 1118 in
224 1067 308 1119 vind.
321 1069 355 1118 li.
384 1071 415 1120 et
435 1068 464 1118 iu
481 1069 545 1120 Ali.
558 1069 742 1131 praepositum
755 1073 813 1129 eso)
831 1071 992 1122 auctoritate
1005 1070 1055 1121 cn.
1068 1071 1155 1137 Bong.
1205 1114 1208 1121 .

93 1137 177 1190 Aac.
189 1137 249 1188 Pei.
261 1138 346 1186 Voss.
359 1138 395 1189 Δ.
411 1138 484 1187 Golt.
495 1140 572 1202 Egm.
584 1138 700 1202 quinque
715 1139 782 1189 oud.
795 1140 843 1188 Dr.
858 1141 893 1189 A.
905 1140 985 1191 Vrat.
1000 1141 1058 1190 AB.
1072 1141 1154 1194 Goth·

94 1204 232 1324 mim
253 1207 309 1256 AB.
328 1205 426 1260 llemb.
444 1207 528 1258 Bonn.
547 1207 601 1258 inc.
622 1208 713 1271 stepo.
733 1208 764 1259 Ρ.
782 1209 857 1260 Man.
869 1208 934 1259 Ali.
946 1221 1008 1271 nep.
1020 1207 1098 1273 Lips.
1110 1208 1154 1262 In.

92 1288 166 1327 οωιιε
179 1308 187 1325 Ι

133 1343 258 1408 capia.
276 1341 304 1403 ς.
319 1344 344 1393 1.
379 1342 526 1404 Planities]
551 1344 643 1403 Vulso
655 1343 811 1411 planicies,
828 1345 1155 1412 contraanologianno-
1195 1405 1198 1409 ,

94 1414 199 1471 minum
210 1411 350 1481 canities,
368 1412 513 1477 durities,
530 1414 672 1466 mollitias.

134 1483 274 1540 terrenus]
299 1483 418 1534 terreos
435 1484 483 1533 Dr.
500 1483 531 1533 B.
548 1489 577 1532 et
591 1484 710 1533 fortasse
729 1482 779 1534 01.
791 1480 876 1532 Vini.
893 1481 941 1532 ill.
958 1480 1024 1534 item
1040 1485 1113 1536 ven.
1130 1485 1153 1537 ι’.

95 1559 127 1602 et
153 1558 271 1613 excepta
293 1551 385 1614 steph.
408 1565 466 1614 sqq.
482 1564 571 1613 usque
588 1552 623 1603 arl
638 1552 706 1602 Oui.
721 1554 754 1609 2,
781 1551 827 1612 qui
842 1552 989 1602 seeundum
1009 1565 1059 1620 ea,
1081 1562 1154 1617 qnae

94 1624 134 1674 ad
147 1623 257 1672 sueton
274 1618 362 1685 Galig.
380 1633 405 1671 e.
420 1624 455 1670 19
474 1634 500 1683 p.
514 1620 567 1671 496
583 1621 715 1686 ostendit,
738 1622 896 1686 terream,
919 1622 1085 1684 quodetiam
1096 1623 1155 1675 Pa-

96 1689 233 1742 risienses
250 1688 312 1739 libri
329 1697 454 1753 tuentur,
473 1689 602 1740 restituit.
637 1690 670 1740 ln
680 1689 764 1740 Vinii.
780 1688 810 1739 c.
823 1696 867 1739 est
879 1692 1015 1757 terrens,
1030 1690 1060 1743 iu
1071 1691 1154 1744 (iolla

95 1762 133 1810 Α.
157 1760 277 1810 tereooa
295 1771 357 1810 oum
374 1766 473 1822 puncto
489 1760 540 1810 sub
557 1772 586 1809 a.
605 1759 740 1823 terreos,
765 1756 820 1809 nisi
832 1759 873 1809 tot
885 1759 993 1813 codices
1004 1761 1156 1828 obstarent,

96 1826 169 1881 ferri
184 1834 289 1890 posset.

134 1904 223 1962 aequo
241 1896 300 1946 iere
317 1893 420 1957 spatio]
442 1905 565 1961 aequom
581 1893 605 1960 f.
617 1893 745 1959 spatium
760 1895 819 1945 eorl.
830 1894 944 1963 Vrsini,
959 1895 1010 1948 ox.
1022 1896 1106 1951 vind.
1118 1898 1156 1950 A.

133 1966 170 2019 ab
183 1963 299 2024 eastris]
323 1978 343 2016 o
359 1975 385 2016 c.
403 1963 487 2014 Vlnrl.
503 1966 562 2014 Ali.
579 1965 640 2015 Pal.
654 1963 732 2014 Goth.
746 1964 809 2015 Bet
820 1976 838 2016 a
851 1978 888 2015 ιιι.
902 1978 945 2030 pr.
959 1968 995 2016 A.
1007 1969 1050 2017 erl.
1061 1968 1156 2032 supi.

133 2033 271 2087 Ariovisti
288 2040 316 2082 ei
333 2032 478 2092 caesaris]
502 2032 658 2098 utriusque
673 2033 757 2084 vino.
773 2035 809 2084 A.
823 2034 895 2086 llav.
910 2035 947 2086 A.
958 2035 1091 2103 Aldinae,
1106 2039 1157 2089 Gr.

97 2116 127 2157 a·
144 2105 238 2167 steph.
249 2100 333 2153 Turn.
352 2101 429 2164 Lips.
445 2101 487 2153 Cl-
510 2102 647 2167 atrioque
663 2103 691 2152 S·
706 2103 777 2153 And.
790 2102 840 2153 ox.
853 2102 918 2154 item
931 2103 975 2154 lu.
988 2105 1060 2157 Dav.
1075 2107 1156 2174 ond„

100 2171 202 2237 quibus
218 2170 319 2224 Arion.
338 2173 373 2222 et
385 2171 465 2222 Gaea.
483 2172 621 2234 glossema
632 2169 956 2223 iudicantibus‘aoeerlere
967 2185 1022 2227 non
1034 2185 1155 2237 possum.

99 2242 197 2293 Potius
223 2255 260 2291 ex
279 2240 503 2304 Eplremeridibus
525 2241 577 2300 (oi.
594 2242 685 2293 adnot.
708 2239 769 2291 erit.
791 2238 827 2293 a'ti
851 2254 876 2291 o.
888 2244 923 2291 39
946 2241 973 2300 S.
989 2245 1019 2300 2)
1041 2243 1156 2297 brevius
1245 2270 1249 2282 ·

100 2310 172 2361 illud
195 2309 310 2361 luxisse
334 2309 512 2376 crediderim,
541 2313 605 2377 aut,
631 2311 700 2374 quod
716 2309 804 2372 magis
821 2310 971 2361 verisimile
988 2319 1069 2379 puto,
1091 2314 1156 2365 viro
1205 2349 1209 2356 -
1267 2366 1270 2377 ,

100 2381 184 2433 docto
209 2378 319 2445 deberi,
353 2377 399 2442 qui
424 2391 485 2429 oum
505 2381 645 2443 exemplar
661 2378 748 2431 variis
766 2379 926 2430 lectionibus
944 2392 978 2429 ex
994 2380 1156 2443 iopiemeriz

100 2450 182 2500 dibus
200 2448 290 2498 dualis
308 2449 470 2499 instructum
487 2457 584 2498 nactus
601 2455 691 2511 esser,
711 2447 843 2510 ‘originem
862 2461 956 2499 earum
977 2447 1106 2513 ignorans
1125 2458 1156 2503 et

100 2520 138 2571 erl
154 2516 325 2581 grammatici
340 2517 458 2573 alicuius
474 2517 590 2566 studium
608 2517 758 2567 variandae
776 2516 905 2568 orationis
922 2518 1047 2569 referens
1060 2522 1156 2572 eodem

99 2587 211 2639 scilieet
231 2586 320 2637 studio
342 2586 473 2639 nonnulla
495 2585 665 2652 variaverit,
695 2597 765 2648 quae
787 2583 892 2638 deinde
905 2598 953 2647 pro
976 2587 1101 2648 genuinis
1118 2602 1155 2641 ex

99 2655 224 2721 margine
241 2661 353 2717 recepta
371 2654 489 2719 genuina
506 2653 667 2716 expulerint.
700 2653 782 2704 Certe
794 2652 876 2704 iidem
890 2654 1013 2719 codices,
1031 2657 1077 2718 qui
1090 2660 1117 2709 lr.
1131 2659 1154 2710 l.

100 2727 259 2792 aeriasque
273 2725 320 2783 vel
330 2724 467 2790 utrisque
485 2725 569 2787 (qnod
580 2723 704 2786 Scaliger
720 2735 756 2772 ex
772 2734 822 2774 suo
840 2723 933 2775 codice
945 2725 1096 2787 sumpsisse
1108 2725 1156 2777 vi-

102 2796 198 2854 detur)
224 2793 365 2857 expuent,
393 2791 486 2843 multis
510 2792 580 2845 locis
595 2792 634 2843 ita
651 2792 687 2843 ab
702 2789 816 2853 reliquis
831 2791 1002 2858 discrepent,
1024 2797 1057 2844 ut
1071 2794 1155 2848 aliter

102 2862 239 2927 explicari
260 2863 445 2926 discrepantia
468 2859 517 2911 vix
539 2861 635 2924 possit.
678 2859 730 2910 ilio
747 2871 816 2911 vero
833 2861 952 2926 accedit,
977 2864 1047 2924 quoi
1066 2877 1155 2928 neque

101 2932 157 2997 ipsi
173 2931 245 2983 iuter
261 2944 293 2983 se
310 2930 481 2981 consentiunt
497 2943 584 2994 neque
602 2942 695 2980 omnes
711 2928 831 2981 eiusdem
853 2929 962 2992 generis
978 2931 1091 2983 brevius
1109 2936 1154 2984 te-

100 3010 185 3065 nenr3
214 3000 380 3065 quominus
403 2999 445 3051 eis
464 3000 665 3063 obsequendum
682 2997 788 3060 putavi.
828 2995 954 3049 Ceterum
970 2996 1000 3051 in
1017 3000 1068 3053 Gn.
1086 3003 1156 3055 liaeo
1210 3062 1214 3067 ⁴

102 3070 143 3122 ita
158 3069 263 3134 scripta
279 3072 357 3120 sunl:
380 3069 414 3120 ab
430 3068 461 3118 ira
477 3068 619 3119 Ariovisti
634 3069 665 3120 et
679 3065 815 3119 Caesaris
831 3068 940 3119 castris
955 3070 1120 3137 utriunque.

137 3138 166 3202 s.
180 3141 206 3189 2.
240 3139 403 3199 devexerat]
425 3139 629 3191 venerarier.
648 3138 734 3201 Bong.
752 3138 809 3187 AB.
825 3139 895 3188 Lov.
914 3137 987 3188 Goon.
1005 3141 1082 3204 ligmz
1103 3140 1157 3191 lali·

103 3222 165 3261 cum
180 3221 236 3259 nno
254 3208 322 3259 oud.
339 3208 408 3265 (uon
425 3207 500 3258 [reid.
518 3211 551 3257 A.
568 3208 637 3275 And.
655 3205 721 3266 Ox.)
737 3206 786 3255 Dr.
801 3207 836 3256 A.
852 3205 933 3258 Vini.
950 3207 980 3256 B.
997 3210 1087 3262 Vrat„
1097 3211 1155 3261 All.

102 3278 157 3329 (in.
173 3277 271 3329 uani.
287 3278 371 3328 Bonn.
385 3276 439 3326 ino.
463 3272 655 3342 poieoeaerat
672 3275 754 3326 Vind-
771 3274 802 3325 C.
824 3277 951 3328 uenerat
966 3277 1036 3328 ferri
1051 3280 1155 3347 nequit,

102 3345 168 3412 onia
186 3345 277 3397 vectio
292 3356 346 3396 non
367 3344 498 3413 simplex,
525 3347 573 3396 sed
590 3348 693 3397 certum
711 3344 746 3394 ari
761 3344 841 3394 linem
858 3344 983 3396 instituta
998 3355 1156 3412 certumque

102 3413 247 3467 terminum
272 3415 396 3467 habitura
418 3416 526 3476 iuerat,
554 3428 635 3480 qoam
659 3412 739 3465 verbi
761 3413 905 3468 deoeiere
929 3413 1156 3481 significationem

103 3494 168 3535 esso
184 3483 278 3536 docuit
293 3483 464 3551 Heraopioo.

67 3669 122 3709 seu
147 3655 254 3722 equites
277 3670 313 3708 ex
334 3655 469 3722 peditibus
489 3656 592 3705 iacere.
634 3652 801 3706 liberalitate
820 3657 965 3709 adanorum
984 3666 1039 3709 non
1055 3654 1154 3710 luridi-

67 3724 169 3778 siiliaia
180 3733 272 3776 autem
283 3725 419 3790 equestris
432 3738 493 3775 oum
507 3727 592 3776 hono-
634 3726 696 3775 cole
715 3724 762 3775 ille
780 3733 808 3778 et
827 3727 948 3778 fortasse
962 3737 1024 3779 cum
1037 3729 1155 3790 quadam
1244 3787 1247 3798 ¹

68 3795 248 3861 ratiorerao,
270 3801 327 3845 tum
340 3795 468 3847 maiorem
481 3806 592 3844 censum
633 3793 792 3863 cupidinaria
816 3794 1014 3859 significatione
1039 3795 1153 3853 caesari

69 3877 120 3933 seu
147 3878 207 3916 rem
231 3864 397 3916 familiarem
425 3862 592 3928 requirebat.
634 3870 773 3924 arreptum
787 3865 933 3916 referebat.

70 3932 115 3987 ol.
127 3932 283 3997 salumias
295 3935 329 3984 (le
343 3947 374 3983 re
387 3932 443 3984 mil.
470 3934 546 3983 lion.
565 3944 591 3981 o.
687 3931 753 3995 cap.
766 3929 811 3984 43.
828 3933 855 3992 s.
871 3936 896 3983 1.
920 3941 951 3984 ur
965 3940 1025 3985 erat
1036 3931 1153 3993 diorum]

68 4004 106 4056 21
122 4005 217 4067 palae
231 4015 273 4064 sq.
296 4002 392 4064 ltaque
406 4014 515 4052 censum
528 4001 591 4063 plus
632 4000 660 4049 lr.
687 4013 712 4049 e.
737 4001 920 4053 constitutum.
968 4004 1055 4053 Erant
1080 4002 1154 4052 enim

69 4084 150 4134 quem
159 4077 289 4136 quattuor
300 4071 404 4121 milium
413 4069 545 4120 nominum
555 4082 591 4120 ex
633 4080 717 4132 saepe
738 4071 812 4123 ultro
831 4073 956 4137 citroque
974 4069 1061 4137 legati
1082 4070 1153 4122 inter

69 4141 176 4205 plebeio
190 4141 228 4194 orl
241 4143 394 4205 equosmem
409 4138 510 4204 insigni
523 4150 591 4191 eane
633 4151 682 4192 eos
695 4137 781 4195 missi.
