2572 4688
134 285 225 359 ‚286
418 282 497 354 itii
515 280 700 354 -ltltnbo
729 278 983 353 tin-ulto

157 472 313 539 hostibus
326 475 524 538 constanter
536 490 574 538 ao
589 491 656 539 uon
671 469 789 539 timide
802 475 1028 561 pugnaretur,
1048 472 1188 559 telaque
1200 490 1237 538 ox

115 560 236 634 zioco
262 560 437 648 superiore
459 556 564 625 ruisse
589 580 656 625 non
677 560 807 626 frustra
827 558 1037 639 acciderent,
1109 561 1238 647 equites

153 648 344 716 circumitis
363 645 512 714 bostium
532 647 656 713 castris
669 645 794 714 Gnosso
807 648 1086 714 renuntiaverunt
1099 668 1170 713 non
1187 669 1239 712 eo-

157 734 232 802 dem
254 757 329 802 esse
354 734 530 820 diligentia
550 732 592 799 ab
610 731 793 802 decumano
833 739 1035 802 ortacastra
1048 736 1180 801 munita
1192 734 1241 801 ia·

41 861 49 880 ·
154 824 319 911 cilcrnqua
339 823 468 888 aditum
487 821 622 891 babere.
708 826 765 894 26.
827 842 944 889 russos
964 822 1120 909 equitum
1145 843 1241 910 prae·

56 972 60 978 .
153 912 262 979 iectus
282 910 496 992 cohortatus,
522 915 564 975 ut
588 909 718 997 magnis
738 910 900 1001 praemiis
920 909 1241 1000 pollicitationibus-

153 1106 158 1119 ·
224 1082 396 1146 secuerant]
426 1083 592 1152 ‚,cccedsre
616 1085 664 1135 vel
689 1083 955 1137 wesdersotbiss.
973 1085 1026 1137 xl.
1042 1092 1073 1136 et
1086 1083 1140 1136 lid.
1156 1075 1240 1135 ΜΛ(

192 1155 330 1206 accedere
345 1156 428 1206 Voss.
445 1158 478 1205 A.
494 1156 579 1218 llong.
596 1156 632 1205 A.
652 1154 825 1207 accederent
842 1154 902 1205 Pet.
916 1155 990 1206 Goon
1004 1157 1081 1218 lugu.
1095 1154 1169 1205 nov.
1183 1151 1240 1202 Psi.

191 1227 276 1288 Boug.
294 1222 326 1274 G.
343 1223 390 1273 Dr.
407 1225 463 1274 All.
480 1225 562 1275 vrst.
578 1223 658 1274 ABG.
675 1224 755 1274 Gotb.
772 1226 805 1276 ll.
821 1225 918 1276 licut.
935 1224 1015 1277 vind
1034 1222 1153 1275 bourn
1175 1220 1241 1272 cnut

153 1296 156 1303 '
191 1294 309 1343 dubitari
330 1293 364 1343 ds
387 1293 505 1344 veritate
529 1290 660 1355 volgatas
683 1293 837 1355 scripturae
864 1300 996 1362 murat,
1032 1291 1132 1345 intrari
1160 1289 1239 1351 subit,

191 1361 256 1427 quisi
277 1360 331 1428 sit,
359 1362 429 1427 qood
451 1369 507 1411 tarn
530 1360 622 1411 uultls
649 1360 675 1411 iu
698 1361 778 1413 libris
793 1362 834 1413 ita
850 1362 977 1427 otrrupta
993 1364 1054 1429 est,
1077 1358 1241 1425 praesertin

152 1428 156 1435 '
191 1442 254 1481 cunr
271 1441 354 1493 snpra
370 1442 395 1481 c.
409 1426 444 1482 14
459 1429 487 1490 S.
502 1426 520 1480 t
536 1431 610 1489 (tela
620 1456 654 1470 -
667 1430 757 1482 musa
773 1431 808 1482 ab
820 1428 911 1482 Gallis
921 1430 1044 1498 qroclus
1056 1428 1240 1487 woldercot)

190 1506 342 1566 nuquam,
364 1508 393 1550 et
410 1501 481 1561 apud
498 1499 614 1549 lilrtlnnr
628 1497 663 1561 8,
681 1501 765 1560 llice
781 1498 902 1551 uectoria
917 1498 1117 1552 mutitudinis
1133 1495 1240 1565 species

182 1568 327 1620 'accidere
349 1567 477 1620 basibus
497 1569 610 1633 possen
637 1565 667 1617 iu
690 1580 744 1621 uno
764 1570 849 1620 vind.
872 1571 909 1622 A.
932 1569 1032 1621 acted.
1048 1570 1175 1633 legetur,
1197 1563 1240 1629 qui

189 1639 261 1689 liber
280 1640 306 1689 b·
328 1636 349 1687 l.
373 1636 445 1689 iuter
459 1648 541 1688 'tucos
564 1637 670 1701 quidem
687 1648 774 1698 paene
791 1639 867 1688 solus
883 1649 979 1688 rerum
993 1637 1113 1690 exbibet.
1148 1636 1240 1699 itaque

190 1719 276 1770 saepe
293 1705 408 1775 occidit,
431 1714 462 1757 ut
478 1704 562 1757 inulto
578 1705 731 1757 crebriores
746 1705 812 1757 illae
826 1705 1024 1771 significatione
1038 1704 1145 1759 fortuiti
1160 1715 1240 1769 pret·

190 1777 266 1829 ditae
287 1776 366 1828 buius
390 1774 471 1827 vorbi
492 1775 597 1826 iorrnac
619 1785 652 1825 eo
673 1776 751 1827 ruodo
761 1778 1011 1839 corrumperentur.
1036 1778 1070 1839 1,
1089 1774 1124 1827 18
1139 1774 1167 1836 9
1182 1772 1198 1824 5
1214 1780 1240 1823 et

190 1847 225 1897 31
243 1843 271 1905 S.
286 1842 320 1896 sl
334 1844 449 1897 occidat
466 1846 590 1896 vocalem
607 1842 705 1908 ubique
722 1844 918 1910 comiscuit,
941 1844 978 1895 ib.
990 1842 1025 1896 38
1042 1843 1071 1905 8.
1086 1848 1105 1894 2
1122 1856 1174 1909 pro
1190 1853 1240 1894 oc·

153 1966 156 1971 ,
192 1915 304 1966 cideret
321 1929 393 1966 nnus
410 1917 458 1966 Dr.
477 1914 508 1973 il.
530 1914 685 1966 accederet
701 1914 824 1975 exbibet,
854 1914 882 1963 et
899 1910 940 1963 slc
956 1914 1018 1965 iere
1034 1913 1169 1977 deinceps
1184 1909 1240 1963 reri

188 1992 220 2104 pp
243 1983 346 2101 slpgnll
367 1995 401 2035 eo
422 1982 548 2036 laborant
571 1982 654 2051 vitio,
684 1983 753 2046 quod
769 1984 796 2033 b.
811 1982 832 2034 l.
848 1981 977 2035 rationu
991 1987 1101 2047 partem
1125 1980 1240 2035 omniun

220 2060 303 2105 vasi.

223 2120 290 2182 §2-
323 2117 443 2184 equites]
466 2118 574 2170 milites
591 2118 689 2170 iisub.
712 2116 852 2171 mulotes
863 2118 975 2184 equites
988 2116 1073 2171 vind.
1085 2121 1123 2172 Α.
1144 2119 1240 2191 True-

189 2202 221 2243 re
245 2192 295 2241 boc
315 2188 408 2239 nescio
432 2191 503 2240 unde
528 2189 652 2254 illatum,
682 2200 717 2239 sn
739 2201 774 2237 ex
797 2189 1018 2250 llpbenreridibus
1039 2189 1170 2241 derivato
1213 2194 1239 2236 ct

189 2258 337 2311 omres
359 2270 456 2309 nomen
480 2259 526 2308 vei
545 2266 701 2318 corruptum
716 2267 751 2305 ex
769 2258 876 2309 nomine
894 2258 1015 2308 dicamus
1033 2257 1156 2311 nationis
1173 2255 1240 2308 Gai·

189 2329 263 2380 licae
285 2328 362 2392 eius,
389 2336 460 2392 quse
476 2326 582 2393 equites
597 2325 661 2376 illos
678 2324 779 2375 auxillo
795 2327 898 2377 cresso
914 2320 1042 2379 miseriti
1075 2328 1147 2379 Nan
1164 2322 1239 2391 equi·

189 2404 276 2450 tatum
297 2406 403 2461 quoque
425 2408 462 2445 ex
483 2395 526 2447 bis
549 2394 704 2457 regionibus
729 2402 914 2458 conparatum
930 2394 1034 2447 crasso
1054 2396 1195 2448 inisset.
1207 2394 1240 2444 2⁰

190 2469 402 2517 demonstratum
418 2473 478 2533 est,
505 2474 533 2517 et
548 2465 698 2516 Sduzatea
714 2476 739 2514 c.
752 2465 794 2518 27.
805 2465 877 2514 inter
888 2464 1039 2527 aquitanos
1052 2472 1239 2516 recensentur.

189 2536 223 2588 ln
237 2535 459 2598 ltpbeusrblibos
476 2543 566 2586 autem
583 2534 672 2596 aptior
689 2541 780 2598 certe,
803 2545 883 2596 qoam
902 2534 931 2583 iu
947 2532 1148 2586 commentario
1166 2544 1239 2584 sunr-

162 2628 166 2635 ·
189 2617 261 2656 ruam
284 2617 376 2656 rerum
398 2606 591 2669 adumbrante,
621 2604 699 2653 locus
720 2610 781 2652 erat
804 2602 968 2655 accuratiori
984 2605 1081 2656 borum
1096 2603 1238 2669 hominum,

189 2675 236 2740 qul
252 2685 364 2738 operm
381 2674 554 2726 utilissimam
572 2674 719 2738 dederont,
735 2669 941 2735 signitiosmni.

207 2831 380 2891 constanter]
395 2830 453 2881 lloc
465 2826 511 2894 qui
522 2828 675 2894 audacter,
717 2828 797 2891 sent,
815 2837 1051 2893 persequerentur.
1080 2828 1151 2880 Nasu
1165 2825 1238 2879 aliud

153 2900 298 2966 intrepide
310 2901 527 2966 interpretantur,
540 2899 674 2948 siuecau-
716 2896 783 2948 nibil
801 2902 861 2963 est,
884 2901 953 2962 qood
974 2899 1124 2963 equitatum
1138 2897 1237 2949 recisse

152 2969 522 3033 sapieonasmorninfeiunt.
543 2967 674 3030 natuer—
716 2975 813 3030 postea
832 2967 986 3019 doceamur.
1026 2969 1082 3019 sed
1109 2970 1161 3017 boo
1187 2979 1237 3018 uon

153 3043 338 3105 seosrcctcr,
351 3039 413 3087 sins
421 3034 596 3087 remissione.
614 3036 674 3086 Non
715 3045 778 3086 erat
812 3033 896 3105 illud,
928 3037 1004 3103 quod
1032 3034 1103 3103 lieri
1127 3035 1238 3088 talebot

154 3109 237 3159 aliter
246 3110 272 3176 8,
288 3108 322 3159 18
334 3107 431 3158 nostri
443 3107 613 3157 constanter
627 3104 674 3154 ic·
715 3105 852 3174 crassus,
886 3109 1008 3171 quodque
1041 3114 1072 3156 ut
1104 3105 1236 3171 iacerent,

154 3190 274 3230 cursum
300 3176 445 3227 trutinent
468 3175 674 3226 insidiatorum
716 3174 823 3239 equites
847 3176 977 3239 praemiis
1003 3173 1123 3227 excitari
1144 3175 1236 3238 copie-

154 3257 183 3299 et
195 3248 230 3298 ib.
244 3250 277 3299 19
294 3248 464 3297 constanter
477 3245 672 3311 proeliantur.
715 3244 771 3295 bat.
805 3244 876 3295 Ante
895 3245 985 3296 omnia
1003 3238 1032 3295 ili
1049 3245 1174 3307 spectari
1191 3246 1236 3295 de-

208 3330 243 3367 ex
261 3318 321 3366 loco
343 3317 498 3379 superiore]
527 3314 571 3365 Gi.
590 3313 625 3364 ad
646 3314 673 3379 1,
715 3314 814 3381 nebat,
836 3321 867 3364 ut
884 3315 977 3365 hostes
994 3314 1141 3378 ingerentt
1169 3313 1235 3378 quot

153 3388 190 3440 26
206 3381 233 3446 S.
248 3390 265 3436 ll
280 3386 382 3437 notata.
716 3382 743 3433 si
767 3383 860 3448 beret,
890 3396 977 3448 neque
996 3383 1130 3446 praemiis
1151 3394 1235 3447 neque

93 3512 95 3518 .
207 3457 273 3517 cap.
286 3459 329 3504 26.
349 3452 376 3514 s.
386 3455 410 3504 1.
427 3454 457 3503 ut
470 3449 576 3516 magnis
592 3462 675 3513 prae·
715 3452 956 3515 pollicitationibus
972 3454 1108 3516 agendum
1121 3459 1192 3518 crat,
1207 3457 1234 3500 ut

153 3524 216 3576 ruiis
228 3522 519 3586 pollicitationibusque
538 3532 604 3570 snos
623 3533 674 3569 ex·
717 3521 855 3584 equitatus
870 3523 960 3593 ostiolo
973 3534 1024 3572 suo
1036 3523 1198 3586 iungeretur
1208 3521 1234 3569 et

154 3596 284 3654 citarent]
308 3593 361 3642 iiio
374 3592 487 3642 Heluius
507 3590 571 3654 quia
591 3602 673 3651 prae-
715 3591 851 3653 rugientes
864 3593 1088 3655 persequeretnr3
1104 3598 1136 3641 ut
1148 3598 1233 3642 auteur

153 3664 210 3715 noia
223 3664 315 3715 statim
327 3662 427 3711 tributa
440 3672 493 3710 nou
505 3658 673 3722 iacilecogi-
715 3660 809 3725 fieret,
833 3659 1066 3712 circumducendis
1082 3660 1232 3711 cohortibus

152 3734 208 3784 tari
228 3730 349 3796 possint,
372 3721 402 3778 ’ἐν
417 3723 463 3778 διά
479 3721 555 3778 δυοῖν
573 3728 673 3778 dictum
714 3731 743 3778 et
756 3729 790 3778 ab
800 3730 949 3789 ¹decumano
961 3738 1040 3793 porta
1052 3729 1082 3779 in
1094 3737 1188 3781 castra
1195 3727 1231 3776 ir-

153 3804 231 3869 pntut
250 3810 278 3851 et
296 3811 400 3864 meque
414 3798 547 3862 promia
560 3797 674 3862 pollici·
714 3799 899 3862 rumpentibus
925 3799 1000 3850 citici
1020 3811 1103 3862 posse
1123 3797 1232 3848 videbe-

153 3873 336 3934 tctt'oneoque
349 3870 542 3930 iuterpretatur
554 3879 674 3932 mequo-
714 3875 768 3919 tor.
801 3869 845 3918 Ad
866 3871 916 3918 boo
938 3867 1022 3932 igitur
1041 3866 1156 3917 ducibus
1175 3875 1232 3915 curn

151 3941 223 3995 rum
233 3937 430 4003 praemiorum
442 3936 673 4001 pollicitationes.
714 3949 783 3999 opus
796 3946 871 3987 asset
882 3937 1008 3987 itinerum
1020 3936 1133 4002 peritis,
1150 3934 1231 3986 cras·

153 4010 260 4074 Recte,
293 4009 319 4057 si
340 4006 498 4056 universum
525 4005 672 4066 equitatum
715 4017 764 4055 sus
777 4007 886 4057 eosdem
899 4007 1005 4071 equites
1018 4006 1099 4072 iilos,
1122 4003 1167 4068 qui
1185 4015 1231 4052 oa-

153 4077 270 4131 excitari
286 4078 408 4128 crassus
425 4075 522 4137 iussit,
547 4082 672 4138 utquam
715 4082 775 4126 stra
795 4076 910 4126 boatium
933 4076 968 4127 ab
993 4085 1029 4124 ea
1056 4075 1136 4139 parto
1162 4071 1230 4122 iaci·

153 4149 286 4203 acsnme
297 4149 400 4211 nostes,
417 4143 442 4196 si
453 4144 550 4208 lugere
562 4143 672 4210 ooopls-
712 4143 876 4198 leuaiituu
887 4144 987 4199 babere
997 4141 1229 4208 mundaverant,
