2572 4688
394 266 499 347 cta
522 267 572 343 n
615 266 734 343 cau.
760 272 833 341 ιιΙ
1056 278 1145 377 ¹sn

57 456 357 543 accommodanda,
385 459 448 529 sed
466 457 625 529 etiamad
639 457 954 547 galeasiuduondas
970 420 1143 549 scutaque
1189 518 1191 525 ,

56 549 243 636 tegimenta
267 547 478 618 detrudendo
496 555 632 637 tompus
653 546 811 618 defuerit.
878 547 988 637 Quam
1000 547 1187 654 quiequetb

128 723 156 786 s.
174 723 203 777 4.
237 722 401 787 induendas]
426 723 607 778 inducendae
624 724 734 777 codices
747 724 861 792 Vrsini,
884 724 943 776 Pet
961 727 1045 790 hang.
1066 725 1145 779 Aac.

92 794 178 847 voss.
197 796 255 848 AB.
272 797 348 858 ligm-
366 793 443 846 Laid.
455 799 490 846 Α.
508 797 578 846 Lov.
596 797 650 860 „et
664 789 749 858 alii“,
765 795 895 857 mephaul
907 795 993 862 liber,
1013 797 1093 848 Vrat.
1108 799 1144 848 A.

92 865 175 916 Viud.
195 865 231 915 A.
250 867 322 916 llav.
341 866 374 914 A.
389 865 456 916 Oud.
471 869 497 915 2.
521 864 699 927 probantibus
712 863 911 915 recentioribus
924 866 1071 929 plerisque.
1102 868 1146 916 hc

12 989 18 999 ,
94 934 244 984 secuudum
263 933 373 984 codices
393 934 498 986 caesar
519 933 698 984 inducendae
716 933 842 995 posuisse
863 932 981 983 videtur.
1014 935 1068 985 sed
1085 945 1147 984 cum

91 1002 218 1054 iuduere
229 1009 256 1053 et
267 1001 406 1054 iuducere
424 1003 508 1054 facile
521 1003 648 1054 conlundi
661 1002 797 1066 potuerint
810 1013 829 1052 a
841 1000 962 1053 librariis
975 1003 1004 1052 et
1016 1014 1068 1053 non
1080 1013 1147 1054 raro

93 1072 212 1123 contusa
230 1071 302 1140 siut,
321 1085 375 1123 uon
394 1080 450 1122 tam
469 1071 606 1136 codicum,
631 1084 712 1136 quam
732 1069 939 1135 significationis
956 1078 984 1120 et
996 1082 1064 1121 usus
1076 1073 1150 1124 ratio

93 1143 218 1192 habenda
241 1149 293 1190 est.
327 1141 422 1193 Vtitar
440 1149 530 1190 autem
554 1141 660 1192 caesar
677 1142 763 1191 verbo
781 1140 939 1201 inducere,
966 1153 1027 1190 cum
1046 1142 1149 1193 adres

93 1210 218 1276 mulcet,
243 1210 300 1273 lta,
324 1218 355 1260 ut
375 1211 540 1272 respondeat
563 1209 727 1260 &manico
746 1204 797 1270 tait
813 1209 896 1264 citati
915 1199 1082 1277 iberticbtat
1116 1217 1149 1261 at

77 1312 80 1321 ·
92 1279 168 1330 inira
179 1291 206 1329 c.
221 1282 257 1330 33
274 1280 308 1328 de
322 1279 426 1339 scutis,
444 1292 517 1344 auae
529 1278 622 1330 audito
633 1277 753 1341 aeuum
766 1278 966 1336 iuduceraait
994 1279 1062 1329 alibi
1082 1290 1150 1331 vero

94 1348 150 1412 lte,
173 1354 205 1399 ut
218 1347 256 1397 sit
266 1357 389 1412 nostrum
401 1340 464 1404 t‘tbtt
478 1348 561 1402 annot
574 1343 676 1416 aiebatis
693 1349 725 1398 ut
740 1345 801 1398 (liv.
816 1349 850 1413 2,
869 1349 919 1397 lo:
936 1358 1026 1413 super
1039 1349 1150 1401 talam

94 1416 178 1468 caria
197 1416 387 1469 iaducuatar.
421 1411 563 1481 ltaque'h.
581 1419 601 1468 l.
616 1416 642 1467 si
653 1416 831 1468 inducendae
845 1416 972 1483 sempsit,
995 1417 1150 1481 ambiguum

94 1485 223 1552 reliquit,
247 1494 336 1537 utrum
355 1499 438 1548 super
454 1488 551 1550 galeas
571 1485 718 1548 tegimenta
740 1486 870 1548 quaedam
884 1485 1004 1537 intimae
1018 1486 1149 1556 viminea,

94 1563 127 1607 nt
145 1555 208 1605 Cir.
223 1557 255 1620 a,
273 1558 309 1607 63
328 1553 356 1615 S.
369 1556 403 1621 7,
426 1555 570 1620 inducere,
593 1566 630 1605 au
641 1554 732 1617 capita
746 1554 834 1617 galeis
848 1557 942 1617 tegere
956 1554 1084 1616 prohibiti
1096 1556 1149 1606 mi-

94 1625 159 1677 lites
173 1624 286 1674 fuerint.
321 1627 408 1686 Quam
421 1624 638 1688 ambiguitatem,
654 1624 708 1674 etsi
720 1623 868 1687 scientibus
881 1623 910 1672 in
922 1634 1040 1688 pugnam
1052 1633 1150 1690 euntes

95 1693 200 1746 milites
218 1694 317 1757 galeas
334 1704 389 1745 uon
408 1692 560 1744 involucris
578 1692 696 1760 texisse,
720 1694 769 1742 sed
783 1690 869 1753 capiti
883 1691 1063 1760 imposuisse,
1087 1706 1150 1745 cum

93 1762 124 1814 iu
136 1761 245 1826 agmine
258 1765 287 1812 et
298 1759 328 1813 in
349 1762 447 1813 itinere
461 1764 531 1812 collo
543 1772 680 1822 appensas
694 1763 849 1824 gestarent,
866 1771 920 1811 non
933 1773 1097 1825 magnopere
1111 1762 1151 1813 ti-

93 1833 194 1884 menda
207 1839 292 1896 earet,
310 1834 400 1883 tamen
413 1829 520 1882 evitare
532 1831 648 1892 prudens
663 1829 782 1892 scriptor
795 1829 918 1880 debehat.
954 1830 1068 1880 Accedit
1079 1832 1151 1895 quod

94 1899 186 1953 calcei
197 1899 304 1962 quidem
318 1901 449 1964 pedibus,
464 1902 561 1951 ceetue
573 1898 715 1964 manibus,
734 1900 839 1948 marus
851 1897 960 1958 capillis
975 1900 1072 1958 (etiam
1083 1899 1153 1953 oia-

96 1971 163 2020 otda
175 1971 207 2020 et
218 1970 338 2033 laqueus
353 1968 441 2019 Taciti
456 1970 527 2017 Anu.
540 1963 573 2032 l,
590 1967 640 2026 70)
657 1974 733 2016 recte
748 1965 848 2017 induet
860 1966 1000 2031 dicuntur,
1024 1967 1089 2030 qula
1104 1978 1161 2035 res¹

94 2044 160 2089 eant
171 2036 289 2087 ductiles
301 2038 330 2087 et
340 2036 482 2097 plectiles:
505 2035 605 2102 ydrae
617 2046 700 2100 vero,
717 2041 788 2085 teste
802 2035 919 2098 Polybio
933 2046 969 2085 ex
980 2046 1063 2101 aere,
1080 2048 1151 2099 quae
1198 2044 1205 2059 ³

95 2118 144 2158 ses
164 2113 209 2156 est
227 2106 297 2156 dura
314 2112 343 2155 et
358 2105 462 2171 rigida,
487 2105 579 2156 iactae
595 2116 649 2157 uon
661 2103 738 2155 item.
770 2104 822 2153 llis
833 2105 869 2154 de
882 2103 975 2156 causis
990 2117 1051 2155 cum
1063 2107 1151 2172 Mero,

95 2172 278 2241 Kreyssigim
296 2174 406 2236 Apitzio
415 2174 576 2225 induendae
588 2172 716 2236 praetuli.
749 2173 840 2224 Etiam
852 2172 941 2224 cicer.
953 2173 1061 2224 luvent.
1074 2179 1101 2242 2,
1115 2166 1153 2226 to

96 2244 173 2296 etad
187 2243 307 2293 llereun.
323 2246 348 2310 1,
367 2245 411 2310 13,
429 2242 526 2306 quibus
538 2242 607 2294 locis
618 2240 726 2292 codices
738 2242 841 2303 pariter
854 2242 1027 2310 discrepant,
1042 2243 1152 2310 ligneae

97 2312 191 2364 soleae
205 2312 325 2363 indutae
336 2312 442 2379 potius,
461 2325 541 2375 quam
553 2311 690 2363 inductae
702 2311 755 2362 dici
767 2312 902 2361 videntur.
1216 2367 1223 2379 ,

130 2382 311 2442 detrudendo]
342 2380 420 2432 carr.
443 2381 527 2444 hang.
544 2381 579 2431 h.
601 2412 620 2446 ,‚
628 2390 728 2431 novem
746 2375 822 2431 alii“
851 2381 920 2431 Lov-
939 2381 1088 2431 secuudum
1107 2393 1152 2433 ex.

96 2448 181 2503 h'ehr,
202 2453 232 2502 et
249 2451 309 2502 Pet.
328 2451 389 2502 Pal.
408 2451 493 2515 Bcug.
506 2447 538 2502 0.
557 2460 614 2502 sec.
638 2449 724 2504 caua
737 2449 786 2500 Dr.
799 2450 856 2500 AB.
867 2448 948 2502 Vrat.
961 2449 1016 2502 lic.
1028 2448 1107 2505 Goth.
1120 2450 1153 2503 ll.

114 2620 277 2686 tegimenta]
293 2619 390 2672 Cicero
401 2620 435 2670 de
447 2621 587 2672 natdeor.
630 2622 695 2674 ctae
714 2631 777 2670 cum
792 2619 892 2686 rebus,
915 2631 986 2684 quae
998 2627 1094 2683 pastea
1106 2621 1154 2674 ie-

62 2689 589 2756 2,1lceaaettaaataaram,rlau-
630 2698 693 2740 ctae
713 2694 791 2750 suat,
820 2687 891 2738 tollit
916 2691 945 2741 et
968 2686 1154 2752 exspectatio-
1229 2750 1231 2755 1

48 2768 113 2812 ‚tus
133 2761 230 2810 liacch.
247 2758 280 2825 4,
298 2763 332 2826 2,
350 2759 386 2810 20
405 2759 588 2824 iateaumea-
630 2770 692 2810 nem
735 2754 932 2808 continuandae
975 2759 1153 2830 narrationis,

63 2832 130 2882 tum
142 2827 216 2879 dicit.
244 2830 389 2880 Plutarcho
401 2829 474 2880 teste
488 2829 517 2878 iu
529 2828 590 2880 vita
631 2839 711 2892 quam
731 2823 920 2887 imperfectum
939 2839 1051 2878 movere
1072 2830 1163 2898 solea·

64 2897 176 2951 Iauculli
194 2910 222 2960 p.
234 2897 288 2950 510
308 2900 343 2948 ll.
355 2897 483 2950 coriacea
495 2904 589 2947 eraut:
630 2893 793 2959 praecidens
810 2894 893 2960 lacit,
922 2898 953 2946 ut
973 2895 1081 2947 animus
1100 2910 1154 2949 au·
1213 2910 1246 2944 ·.

65 2961 105 3019 eci
117 2960 232 3019 andraea
247 2965 305 3017 τῶν
320 2957 415 3018 ὅπλων
427 2960 590 3030 catadupa·
632 2964 732 3016 cientis
753 2963 781 3012 ln
800 2976 832 3015 re
851 2964 955 3016 ellectu
974 2968 1154 3018 commoretur

64 3053 112 3087 aa·
146 3036 225 3095 Quod
239 3037 329 3087 autem
347 3032 589 3086 nonnulli'caesa·
632 3037 661 3086 et
685 3033 829 3096 deligatur.
872 3032 1045 3100 cl.a,15:
1077 3048 1152 3102 quae

66 3104 109 3156 rie
128 3104 261 3154 militibus
272 3116 305 3155 ec
318 3104 406 3168 magis
419 3117 486 3167 opus
500 3104 588 3153 luisse
631 3103 748 3170 quidem
768 3112 818 3153 rec
838 3102 878 3152 ad
896 3103 1155 3172 neqotiumecafi-

66 3171 224 3236 tegimentis
240 3179 393 3242 antumant,
418 3184 470 3236 quo
484 3173 589 3236 pretio-
630 3173 764 3224 ciendum
782 3172 909 3223 mactate
930 3173 991 3240 fuit
1011 3178 1154 3240 opportu-

67 3243 144 3293 slora
155 3244 236 3292 scuta
249 3244 388 3306 haberent,
401 3243 479 3293 cuius
492 3241 534 3291 rei
545 3250 588 3293 te-
629 3255 685 3294 aa:
707 3253 775 3292 aem
786 3241 916 3307 sicquae
928 3247 1045 3304 (naves)
1057 3243 1155 3297 nostri

67 3319 139 3361 stem
167 3311 253 3362 citant
282 3312 439 3362 suetonium
463 3312 516 3363 lul.
538 3314 590 3365 67:
632 3311 790 3363 consectati
819 3315 1079 3380 tentataverunt,
1119 3315 1155 3365 ut

67 3379 245 3445 habebatque
265 3381 327 3432 tam
344 3384 437 3433 catice
459 3379 591 3441 (milites)
631 3385 796 3448 perpaucae
815 3381 949 3430 ear-omui
964 3394 1088 3435 numero
1100 3397 1154 3434 ac-

67 3452 104 3500 ut
119 3451 244 3516 aracaio
257 3452 288 3501 et
299 3463 375 3502 auro
388 3449 487 3515 politic
498 3448 591 3500 armie
633 3451 690 3502 ctio
706 3450 877 3501 interventa
893 3451 933 3502 ad
949 3451 1065 3504 terram
1083 3464 1161 3517 per-2

67 3521 196 3570 ornaret
214 3519 301 3570 simui
319 3522 350 3571 et
367 3521 406 3571 ad
424 3520 547 3585 speciem
561 3519 592 3569 et
634 3520 785 3585 uenerint,
823 3530 891 3570 cam
918 3518 953 3570 ab
984 3519 1059 3574 hara
1088 3524 1154 3587 fere

69 3600 127 3654 qao
141 3589 306 3640 tenaciores
324 3602 425 3641 eorum
437 3590 468 3639 in
479 3588 591 3654 praelio
636 3591 744 3655 quarta
763 3600 853 3653 usque
875 3588 914 3639 ad
934 3590 1004 3641 cotie
1023 3603 1156 3642 accam

69 3660 170 3709 eareat
186 3661 267 3709 metu
285 3660 398 3725 damni,
422 3661 472 3709 hoc
486 3659 593 3722 quidem
633 3660 829 3724 peccaretur.
883 3656 918 3726 5,
944 3656 993 3708 ta:
1030 3661 1162 3726 Equites

72 3727 175 3777 Gallici
189 3727 254 3777 belli
270 3729 592 3790 temporenondumauro
635 3728 760 3778 bostium
805 3725 1002 3792 essedariique
1039 3730 1157 3782 aeriter

70 3804 223 3858 argentm
243 3799 354 3848 caelata
369 3796 499 3849 videntur
514 3803 594 3848 scuta
633 3797 746 3862 praelio
766 3807 832 3846 cum
851 3795 983 3862 equitatu
1001 3801 1106 3851 uestro
1124 3799 1156 3850 ia

69 3865 211 3915 habuisse.
634 3865 743 3917 itinere
763 3865 980 3934 conflixerunt,
1008 3869 1105 3920 tamea
1121 3870 1157 3920 at

122 3932 255 3991 deluerit]
281 3934 437 3984 Perfectum
450 3933 478 3983 ln
496 3932 594 3985 huius·
635 3934 732 3986 acciri
742 3935 869 3986 amadus
881 3935 1014 4000 parebas
1023 3937 1164 4005 ruperia,

70 4002 142 4052 modi
158 4001 323 4067 enuntiatis,
348 4014 417 4066 quae
436 4015 493 4053 rem
510 4016 593 4066 prae·
636 4017 686 4057 ree
705 4004 821 4069 fuerint
839 4006 928 4071 atque
948 4018 996 4057 eoo
1016 4008 1047 4058 ia
1066 4007 1157 4058 ulvae

72 4070 180 4124 teritum
195 4071 285 4122 altera
299 4069 364 4125 item
383 4071 530 4134 praeterita
549 4075 593 4123 ei·
636 4074 778 4138 collesque
790 4074 1002 4138 compulerint,-
1017 4076 1156 4127 redcom·
1207 4076 1210 4089 '

73 4140 174 4196 lectam
193 4138 336 4208 exhibent,
359 4153 458 4195 nexum
470 4140 512 4197 rei
525 4143 594 4196 elie-
634 4141 766 4210 moritur
781 4141 951 4211 interiectis
963 4144 1095 4211 cuman
1108 4146 1157 4198 ie·
