2572 4688
380 180 386 189 ’
437 190 792 351 ranuunrro.
852 338 856 345 Ι
1060 244 1158 309 mn

59 424 170 496 nmis
188 429 226 493 et
247 422 283 493 ln
301 419 437 492 modom
456 420 642 513 digitorum
659 424 913 516 ungulielissie
931 432 1047 496 natum
1062 425 1155 520 apud

10 542 12 589 ὲ
61 550 96 599 se
112 550 177 597 neo
191 529 377 619 potientem
396 529 543 597 sessoris
560 531 720 617 alterius,
740 553 816 600 cum
829 531 1023 622 haruspices
1045 533 1154 623 imps-

65 635 151 703 rium
166 632 264 710 orbis
282 639 395 700 terrae
411 631 603 720 significans
617 632 751 703 domino
765 637 1059 728 pronuntiassent,
1080 659 1156 705 ma·.
1184 642 1187 649 “

64 759 124 826 gna
143 758 228 806 nura
248 735 357 815 aluit,
383 735 480 803 ouius
501 737 604 806 etiam
627 739 772 827 elligiem
787 745 865 806 aute
878 737 1024 808 Veneris
1040 739 1152 808 Gsue·
1211 802 1220 825 ·.

64 841 158 931 tricis
180 838 299 937 aedem
318 837 437 929 postem
457 839 595 913 locavit.
644 839 674 910 E
695 841 827 911 duobus
847 844 1044 911 consulatus
1060 864 1152 910 oom-

63 944 284 1034 petitoribus,
305 941 348 1012 1..
361 940 506 1010 Luooeio
520 943 704 1036 Marcoque
718 945 863 1028 Bibulo,
883 935 1065 1014 Lucceium
1081 944 1150 1013 sihi

64 1046 215 1117 adiunxit
236 1054 377 1139 paetus,
397 1051 439 1113 ut
452 1045 504 1130 is,
529 1050 686 1138 quonlam
702 1050 845 1118 inferior
858 1049 970 1136 gratia
983 1056 1075 1117 esset
1088 1056 1150 1139 pe·

65 1152 224 1240 cnnieque
254 1151 417 1242 polleret,
453 1171 574 1219 numos
594 1150 638 1220 de
660 1174 723 1221 suo
741 1153 909 1222 communi
931 1154 1063 1221 nomine
1086 1160 1149 1240 pot

61 1257 231 1323 nenturiae
244 1255 492 1344 pronuntiaret.
519 1246 521 1255 ἱ
534 1253 614 1343 Qua
629 1276 667 1323 re
680 1257 814 1344 cognita
827 1259 1009 1355 optimptos
1022 1255 1148 1324 Bibulo
1227 1252 1231 1258 ’

63 1358 292 1441 inimicissimo
311 1357 385 1424 eins
403 1365 559 1426 auctores
578 1359 717 1451 luerunt
734 1360 932 1428 tantundem
951 1357 1148 1451 polliceudi,

64 1485 96 1533 ao
112 1464 269 1556 plerique
292 1461 453 1551 pecunias
477 1452 695 1530 coutulerunt
715 1482 757 1531 ne
780 1462 1065 1551 (latone'quidem
1087 1462 1148 1529 ab·
1219 1501 1221 1506 ·

62 1576 178 1635 noento
190 1588 264 1633 eom
276 1564 491 1653 largitionum
506 1585 526 1631 e
539 1566 714 1653 republica
732 1568 820 1639 lieri.
863 1565 953 1635 Nam
974 1567 1061 1633 nihil
1080 1587 1148 1634 non

10 1740 13 1757 ,
62 1692 201 1739 anenrus
222 1671 259 1737 in
280 1690 411 1735 summo
430 1667 633 1755 magistratu
649 1668 828 1739 videbatur
842 1668 1000 1738 concordi
1019 1677 1054 1737 et
1068 1690 1147 1757 eou-

10 1770 13 1805 ⁵
60 1775 222 1847 sentiente
239 1775 388 1860 collega,
418 1772 618 1863 praesertim
639 1795 716 1840 oum
738 1782 775 1843 et
794 1776 841 1845 Μ.
857 1772 1036 1855 Crassum,
1059 1771 1146 1840 divi-
1193 1826 1197 1833 .

10 1872 13 1947 ἶ
59 1881 111 1947 tiis
133 1878 420 1969 praepollentem,
446 1883 483 1942 et
503 1873 564 1945 (ln.
585 1875 803 1967 Pompeium,
830 1898 981 1946 summae
996 1877 1145 1945 auetori³
1263 1919 1269 1934 ι

10 2020 12 2033 ·
59 1983 137 2052 tatis
162 1982 289 2064 nivem,
321 1979 477 2047 omnibus
494 1979 616 2046 officiis
631 1992 823 2052 assentatus
842 1983 969 2050 amicos
984 1982 1145 2064 haberet}

59 2110 119 2176 qna
138 2083 277 2175 quidem
296 2106 337 2152 ox
356 2104 395 2151 re
409 2081 451 2150 de
466 2080 647 2173 prudentia
664 2086 736 2155 eius
752 2086 896 2156 iudicari
912 2092 1064 2175 poterat,
1083 2085 1144 2175 qui
1244 2126 1249 2130 —

57 2191 194 2261 invicem
212 2210 313 2278 quam
341 2188 483 2255 maxime
508 2187 727 2275 adversantes
752 2193 884 2282 pariter
909 2191 977 2258 sibi
1005 2191 1144 2258 eonium

57 2297 171 2365 nisset.
221 2291 406 2382 Pompeius
432 2298 542 2358 autem
572 2291 719 2362 offensus
743 2303 821 2364 eret
846 2296 1020 2386 patribus,
1047 2292 1142 2383 quod

57 2397 252 2469 Mithridate
266 2399 357 2466 vieto
374 2396 587 2463 cunctantius
601 2404 677 2465 aeta
689 2420 772 2480 sua,
793 2401 851 2487 qui
868 2401 935 2466 iam
952 2397 1142 2486 superioris

41 2505 131 2576 anni
155 2502 256 2570 initio
278 2500 315 2566 iu
337 2501 455 2567 uultum
476 2501 691 2584 revertisset,
721 2501 763 2567 ab
784 2503 829 2568 iis
851 2505 1141 2584 confirmarentur,¹
1266 2544 1268 2550 ·

57 2628 127 2676 enm
141 2607 324 2696 praecipue
337 2605 504 2688 Lucullus
518 2611 555 2672 et
572 2602 656 2672 Gato
673 2611 800 2695 etpost
813 2604 986 2674 dimissam
1004 2628 1022 2671 n
1037 2605 1141 2674 Pom-

57 2713 129 2801 peio
140 2711 290 2779 Muciam
304 2708 482 2790 Metellus,
503 2708 636 2777 Muciae
650 2707 758 2775 irater
771 2708 926 2804 idemque
937 2711 1038 2776 huius
1060 2708 1140 2777 enni

57 2838 128 2885 ram
142 2816 291 2884 Afranio
307 2817 442 2895 consul,
462 2812 649 2881 obstarent.
691 2811 812 2900 ltaque
824 2835 899 2880 oum
914 2814 1038 2902 Bibulo
1054 2811 1138 2880 Gae-

58 2943 110 2990 ssr
131 2921 254 2989 consul
276 2926 330 2987 est
349 2914 560 3005 designatus.
600 2913 672 2983 Iam
690 2938 768 2982 vcro
785 2924 903 3005 panum
920 2928 958 2987 se
971 2919 1139 2986 munitum
1209 2906 1211 2916 ¹

57 3025 250 3094 existimans
258 3069 271 3102 ‚
292 3027 323 3091 si
339 3022 537 3112 Pompeium
551 3021 641 3087 inter
653 3029 688 3086 ot
700 3018 879 3104 (ireseum,
901 3024 1054 3112 quemme
1069 3020 1138 3089 sibl

57 3131 198 3210 amicos,
220 3135 350 3198 veteres
365 3122 616 3204 ex''ooneulctu'‚
639 3146 736 3213 quem
756 3115 887 3193 sumnia
903 3125 1073 3196 discordia
1090 3118 1139 3193 si·³

56 3237 124 3303 unl
148 3241 345 3323 gesserent,
372 3224 568 3297 inimicitiae
588 3239 778 3312 manerent,
803 3230 1070 3319 oporamdcdit,
1097 3234 1138 3297 ut
1242 3216 1263 3253 ι

56 3336 363 3406 reconciliarentur.
406 3332 484 3422 Quo
499 3332 589 3398 laeto
605 3333 750 3401 societas
766 3336 875 3402 trium·
888 3336 1036 3403 vinorum
1051 3332 1137 3400 inita

57 3448 124 3523 est,
148 3439 294 3528 nequid
315 3445 472 3524 ageretur
490 3439 526 3502 in
546 3438 759 3526 republica,
790 3438 880 3527 quod
902 3437 1138 3528 displicuisset

57 3545 117 3612 olli
130 3543 287 3624 acribus,
306 3565 446 3630 eamque
460 3539 677 3608 iureiurando
691 3543 969 3611 confirmaverunt
984 3548 1020 3609 et
1031 3561 1138 3631 quan·-

56 3654 124 3717 tum
141 3648 217 3715 fieri
232 3648 365 3738 potuit,
386 3648 608 3714 occultarunt.

153 3752 246 3821 Inito
262 3751 388 3820 Gaesao
401 3748 579 3816 consulatu
592 3749 721 3837 primus
739 3748 886 3816 omnium
907 3747 1077 3830 instituit,
1096 3751 1138 3813 ut

18 3840 21 3851 ¹
57 3861 121 3924 tom
141 3864 282 3944 eenatus
310 3875 409 3942 quam
432 3853 550 3944 populi
567 3851 688 3919 diurna
711 3859 785 3919 aota
806 3853 992 3920 confierent
1013 3858 1050 3918 et
1071 3870 1137 3940 pu-

57 3957 272 4028 blicarentur.
322 3955 498 4024 conuersi
517 3956 606 4029 ratio
627 3956 663 4022 in
685 3965 822 4044 aperto,
850 3956 911 4024 sed
926 3977 1024 4045 quem
1037 3976 1137 4022 even·
1234 4021 1242 4028 ,

57 4070 123 4134 tum
143 4061 325 4138 habuerit,
353 4058 533 4129 obscurum
544 4067 617 4130 est:
646 4067 775 4151 partem
787 4061 922 4149 quidem
939 4081 1031 4144 oum,
1048 4078 1136 4148 quae

1222 830 1239 873 N
