2572 4688
67 220 73 229 ¹
147 279 216 351 ero
395 272 680 346 nis-sntio
705 256 1008 351 sattico'

98 472 131 536 ,8
152 462 236 551 ogit.
301 450 462 540 liliblias
475 463 652 571 eruptione
664 468 816 561 tentate,
836 463 923 559 alise
935 450 1105 534 cuniculis
1119 464 1165 535 sd
1180 489 1230 555 sg-

148 571 263 641 gsrenr
283 551 465 640 vineasque
488 562 595 632 sotis,
625 553 723 619 cuim
742 553 894 620 reisunt
914 554 971 620 lon
995 576 1015 619 e
1035 555 1233 643 peritissimi

41 716 46 729 ,
150 640 338 727 Aquitani,
361 648 540 730 propterea
544 638 649 792 ΙΙἘισὰ
670 641 786 707 miultis
805 641 892 707 loeis
905 576 995 730 spui
1008 663 1067 707 sos
1084 643 1232 710 aerariae

148 734 407 816 structoresque
425 732 524 808 sunt,
592 726 797 815 idiiigentis
808 735 1002 810 nostrorum
1015 728 1103 797 nihil
1114 731 1171 797 bis
1183 752 1233 798 re-
1260 784 1266 794 .

221 919 248 981 s.
262 921 287 970 3.
322 914 370 971 Illi
385 914 472 979 alias]
496 918 555 969 llos
572 917 649 972 ultas
665 917 794 972 omissum
809 927 853 972 est
868 918 899 972 in
914 918 1000 974 llors.
1013 922 1096 975 Vrst.
1111 921 1145 974 0.
1159 922 1233 976 doti.

188 989 220 1039 n.
237 990 335 1042 ilsmb.
351 986 434 1039 vind.
450 987 484 1037 D.
501 993 529 1038 et
547 990 607 1039 edd.
625 996 688 1040 ente
706 990 776 1042 Ven.
792 988 814 1039 f.
830 991 859 1041 et
875 1002 933 1041 seo.
950 990 1020 1042 0ud.
1037 990 1067 1042 in
1083 993 1173 1061 iton,
1192 993 1234 1057 qui

185 1059 256 1109 liber
280 1058 307 1109 ln
330 1069 373 1109 ex.
397 1054 480 1107 Febr.
503 1069 557 1108 uon
579 1059 646 1125 boc,
675 1059 724 1110 sed
741 1058 857 1112 alterum
871 1059 962 1129 utar,
985 1062 1057 1124 quod
1073 1069 1139 1113 ante
1156 1063 1232 1117 cuni·

184 1126 259 1178 ciclis
274 1127 332 1189 est,
357 1122 480 1177 omittere
498 1126 621 1178 traditur.

220 1194 359 1256 aerariae]
392 1195 528 1247 errurtae
550 1197 599 1248 Dr.
622 1197 657 1246 Α.
687 1193 807 1247 suanae
830 1195 926 1249 lismb.
953 1197 1071 1249 aerarii
1093 1197 1178 1250 vind.
1199 1200 1232 1252 Α.

187 1265 340 1317 aerarium
355 1265 426 1315 Veu.
444 1265 470 1314 d.
494 1266 625 1318 crurium
638 1265 709 1318 Van.
723 1279 748 1316 e.
764 1267 829 1318 Ber.
851 1265 977 1335 :isariae
988 1268 1062 1319 And.
1084 1271 1234 1323 secturae·

188 1347 242 1400 que
257 1332 380 1400 Afariae
396 1333 447 1384 ox.
1108 1348 1113 1365 ¹

221 1404 440 1464 structurseque]
464 1399 515 1452 dx.
532 1402 704 1453 structurae
720 1401 790 1452 And.
813 1402 977 1455 stricturae
988 1404 1049 1456 cod.
1062 1403 1167 1457 Furni
1180 1417 1233 1456 sec.

186 1471 254 1524 Vra.
272 1474 315 1522 ed.
334 1472 406 1522 Scal.
425 1477 495 1521 teste
513 1470 681 1535 Elberlingio
698 1479 725 1521 et
743 1471 783 1521 lu.
799 1474 885 1535 (quod
902 1471 970 1523 oud.
986 1485 1022 1523 ex
1038 1475 1081 1525 ed.
1098 1475 1174 1526 Sosi.
1189 1488 1234 1526 re-

185 1543 244 1595 fert
259 1543 451 1606 structurae,
475 1540 503 1590 id
520 1540 549 1590 lu
566 1542 666 1591 Elzer.
684 1549 710 1589 a
724 1539 794 1592 esst
810 1539 928 1602 iuveni.)
950 1544 1122 1596 sectaturae
1138 1544 1187 1595 Dr.
1201 1545 1233 1592 A.

187 1609 268 1662 Vlud.
292 1610 323 1660 n.
348 1611 504 1661 sectaturae
519 1609 591 1659 Vsu.
613 1610 656 1661 de.
679 1609 740 1658 lter.
764 1621 976 1674 aesecuraeque
993 1611 1075 1662 vind.
1092 1614 1129 1663 A.
1152 1611 1234 1664 satu·

187 1690 297 1744 raeque
320 1679 378 1729 l’et.
407 1691 584 1743 secturaeque
607 1678 683 1742 Egra.
708 1677 767 1728 Ort.
790 1680 842 1729 duo
858 1679 907 1730 ulii
923 1679 992 1731 (lud.
1010 1676 1092 1731 Vrsi.
1109 1680 1164 1732 All.
1182 1681 1234 1731 iuc.

186 1752 287 1815 sequte
309 1748 406 1800 ilamb.
435 1751 627 1812 secturaeque
650 1748 760 1814 „ceteri
778 1747 839 1811 tere
857 1746 979 1799 omnes“
1003 1748 1086 1815 Bong.
1107 1750 1141 1799 A.
1160 1750 1233 1802 (lott-

115 1822 120 1829 '
188 1821 271 1872 Voss.
293 1820 329 1868 A.
352 1820 424 1869 liar.
449 1820 483 1867 A.
507 1815 792 1867 autumnali.
816 1814 869 1867 tiu.
896 1818 1089 1884 saectureque
1105 1820 1188 1871 vind.
1204 1817 1235 1870 0.

186 1891 322 1940 secturae
344 1888 393 1938 Dr.
415 1886 446 1935 li.
463 1887 542 1937 Vrst.
565 1884 596 1936 C.
619 1885 699 1936 out.
718 1885 748 1932 li.
766 1892 794 1934 et
810 1884 1024 1949 reliquierit,
1049 1886 1135 1939 etiarn
1157 1888 1236 1951 oud,

94 1946 100 1957 ’
187 1957 233 2006 cui
257 1963 347 2006 tamen
369 1956 541 2006 structurae
564 1955 652 2017 magis
676 1954 817 2014 placebat:
848 1962 923 2005 certe
945 1955 1093 2007 Diodorum
1116 1956 1235 2007 Siculum

98 2064 100 2075 .
185 2025 207 2075 l.
222 2027 255 2075 16
272 2039 297 2086 p.
312 2020 365 2076 tit
381 2025 440 2082 (ed.
461 2026 550 2086 steps
567 2035 616 2072 seu
635 2021 690 2072 c.8
708 2037 732 2084 l·
746 2023 783 2074 88
798 2023 841 2074 ed·
859 2026 972 2086 Wess.)
996 2027 1236 2078 bas'structuras

186 2086 353 2146 sarrexerit
384 2104 502 2155 vocare,
538 2103 577 2140 so.
608 2093 842 2159 substructiones,
871 2093 968 2155 quibus
991 2095 1100 2147 metalli
1129 2095 1235 2148 fodinas

185 2169 296 2224 amas
321 2168 445 2211 tenerent
466 2168 495 2209 et
514 2158 682 2209 suffulcireut
698 2160 840 2210 columnis.
874 2161 983 2214 Diodori
1000 2165 1155 2223 verbutde
1171 2177 1235 2229 rege

186 2230 324 2291 Philippo:
348 2224 384 2278 rei
407 2222 436 2280 di
460 2224 532 2278 κατσὶ
547 2223 599 2291 τήν
614 2221 704 2295 χώραν
719 2223 829 2293 radosta
843 2226 983 2296 pirella,
1007 2228 1151 2291 πασκελός
1167 2228 1235 2285 ὅκκα

185 2292 250 2349 ind
268 2300 316 2349 itui
332 2290 435 2355 ἄδσξα,
458 2297 518 2350 ταῖς
534 2296 712 2349 κατασκευαῖς
728 2294 773 2347 s’rri
789 2293 920 2349 σσσσῦσσκ
935 2292 1050 2367 ηὔξησεν
1066 2294 1134 2356 e'r'crr
1150 2296 1234 2353 dira-

186 2366 257 2417 σθαι
276 2363 369 2434 ulcere
392 2359 466 2431 αότῷ
482 2359 616 2433 πρόσοδον
632 2360 729 2414 πλεῖον
741 2358 761 2431 ἢ
775 2361 920 2416 ταλάντων
933 2365 1042 2433 ratur)
1066 2372 1139 2423 baud
1155 2369 1235 2422 dubit

186 2436 269 2487 latius
288 2437 380 2497 patent
401 2443 429 2484 et
446 2436 549 2499 omnis,
575 2444 645 2495 quse
661 2430 723 2484 fieri
739 2435 766 2482 et
784 2437 937 2497 compatri
953 2437 1095 2501 Philippus
1112 2438 1234 2531 tupris,

184 2504 281 2567 quibus
306 2503 473 2555 aurifodinae
495 2503 560 2552 illas
583 2501 779 2552 fructuosiores
804 2505 945 2572 redderet,
980 2506 1148 2571 significent.
1190 2508 1233 2558 cf.

184 2575 304 2623 eiusdem
323 2575 340 2622 l.
357 2575 373 2622 3
390 2585 414 2621 c.
431 2576 463 2624 12
483 2584 507 2632 u.
524 2571 572 2621 iti
591 2572 690 2624 Wess.
706 2567 935 2633 κατασκευάζουσι
949 2570 999 2627 ede
1010 2571 1116 2641 gassie.
1141 2577 1235 2641 seque

185 2636 339 2705 κατασκευή
358 2643 436 2702 plane
454 2642 597 2701 respondet
614 2640 768 2690 Latinorum
786 2643 968 2694 structurae.
996 2646 1051 2695 Sed
1062 2644 1158 2697 tussis
1169 2645 1234 2695 sub-

186 2715 328 2762 terraneas
351 2711 433 2776 illas,
462 2723 531 2772 quus
556 2709 685 2760 (lamani
708 2705 820 2766 &tofles
839 2722 986 2778 vocemus,
1014 2714 1188 2767 structurae
1204 2727 1234 2764 re

186 2792 256 2830 vers
279 2793 343 2830 esse
367 2788 489 2841 enpust.
524 2779 619 2842 ltaque
644 2792 704 2829 curn
727 2779 905 2846 stricturae,
934 2783 959 2830 lu
982 2792 1010 2835 ο.
1030 2793 1142 2834 nassae
1168 2781 1236 2835 terri

177 2848 346 2913 candentis,
377 2852 406 2898 tt
429 2850 582 2914 secturae,
611 2861 679 2910 quas
696 2848 764 2897 locis
782 2849 883 2898 duobus
900 2848 1042 2901 suetonis
1058 2853 1125 2912 (ts
1141 2866 1169 2916 p.
1185 2851 1235 2903 iia

187 2920 251 2969 cas.
269 2927 296 2968 et
313 2919 332 2967 l.
347 2913 365 2967 l
383 2931 407 2978 p.
423 2918 488 2978 190)
506 2916 632 2970 adhibitis
649 2917 804 2981 Herzogius
819 2917 935 2968 ostendit
951 2919 985 2968 de
1001 2930 1104 2982 genere
1120 2923 1235 2985 quodam
1274 2974 1276 2982 ,

188 2987 357 3038 latomiarum
376 2986 491 3050 intelligi
507 2997 602 3050 posse,
626 2986 654 3037 in
672 2986 768 3050 quibus
785 2997 878 3035 surum
896 2988 1023 3039 secandis
1039 2988 1177 3052 lapidibus
1192 2990 1235 3041 in·

186 3055 401 3121 castigaverint,
425 3056 459 3107 ab
479 3058 620 3119 hocloco,
644 3056 761 3118 quirem
779 3055 912 3105 cuniculis
926 3056 1097 3110 coniunctum
1110 3059 1235 3124 requirit,

186 3125 290 3187 pariter
311 3123 367 3174 siut
391 3125 515 3191 alienus,
547 3125 668 3175 codicum
692 3131 783 3173 autem
807 3124 928 3176 varietas
951 3138 1006 3177 uon
1028 3139 1046 3180 a
1069 3128 1235 3181 familiarum

187 3193 339 3244 differentis
359 3195 407 3243 aut
428 3194 585 3244 emendandi
601 3200 699 3244 corratu
717 3193 865 3255 repetenda
882 3195 1023 3258 videatur,
1044 3192 1131 3249 itaut
1147 3199 1235 3250 libers

156 3260 159 3264 ’
187 3263 285 3312 electio
307 3262 379 3313 inter
402 3263 649 3331 varissiectiones
672 3272 805 3312 concessa
828 3262 881 3326 sit,
903 3263 1085 3327 oudendornil
1105 3266 1233 3318 indictura

188 3332 370 3397 probandum,
403 3332 451 3380 sed
476 3342 530 3395 que
555 3335 695 3393 tantopere
718 3342 737 3380 a
759 3329 896 3381 codicibus
917 3336 1132 3386 minuendarum
1155 3338 1232 3394 (usur

188 3402 256 3463 qsrod
278 3399 452 3451 Achalntrius
476 3399 646 3450 Parisieuses
668 3401 803 3451 secturae
827 3401 952 3450 exlrlbere
974 3399 1059 3468 dicit,
1090 3405 1233 3458 encliticse

187 3470 320 3521 rationem
338 3469 440 3519 nullam
455 3469 564 3520 videtur
580 3468 721 3528 babuisse)
745 3467 916 3519 omittendum
932 3478 986 3520 non
1005 3471 1112 3535 putavi.
1136 3466 1233 3528 Ἐιιιιι

188 3538 325 3601 llerzcgio
344 3537 371 3586 iu
388 3539 478 3588 adnot.
495 3539 536 3588 ed.
554 3550 610 3590 sec.
632 3540 860 3603 seruetur-oeque
874 3539 1023 3606 probatur,
1043 3539 1110 3594 iten
1128 3542 1232 3598 urun-

186 3607 230 3658 dio
247 3607 276 3661 lu
292 3608 360 3659 Lex.
376 3618 403 3655 v.
420 3606 550 3661 aeraria.

20 3807 29 3825 .
127 3773 130 3779 “
204 3777 329 3830 aerariae
342 3780 561 3843 structoresque]
578 3779 675 3831 Aeru-
715 3780 808 3831 dorum
834 3780 921 3832 anem
943 3778 1074 3845 suriunt
1100 3790 1231 3837 uneoent.

154 3844 219 3899 riae
233 3861 272 3897 so.
287 3850 410 3915 fodisse,
434 3858 464 3898 ut
478 3850 630 3914 ferrariae
645 3852 671 3912 7,
714 3850 766 3899 Sed
779 3849 965 3912 imperitorum
978 3862 1065 3904 cause
1083 3855 1230 3906 ισᾱοσσσιι

153 3919 204 3981 22,
235 3917 281 3980 qui
308 3919 386 3969 locus
412 3921 518 3970 omuino
539 3932 600 3970 cum
621 3922 671 3969 boo
713 3928 773 3968 erat
793 3921 1039 3987 structurueque,
1066 3921 1147 3973 ouius
1167 3937 1228 3986 sup-

152 3981 350 4048 sbmparandus
362 3991 413 4036 est.
444 3990 484 4038 Ac
498 3990 670 4038 metallorum
712 3988 873 4048 clementum
887 4001 922 4037 ex
935 3989 1110 4051 praecedenti
1127 3991 1230 4044 nomine

152 4056 249 4118 peritis
263 4058 313 4106 boc
327 4056 497 4121 sufficiebat,
520 4069 572 4119 quo
586 4057 669 4107 intel·
711 4056 788 4106 incili
802 4057 908 4119 negotio
920 4058 1028 4116 petitur·
1056 4058 1103 4110 Sic
1114 4060 1229 4116 Germa·

149 4123 283 4191 figerent,
309 4137 360 4177 cur
379 4125 564 4179 cuniculorum
580 4138 667 4192 agen-
708 4124 770 4178 uice
785 4123 862 4180 dicas
875 4120 1027 4196 &intuitu
1039 4127 1096 4185 aad
1109 4124 1198 4192 vett.
