2572 4688
334 194 340 202 ’
447 187 802 335 ιἰιιίιιιιτιο.1
1132 264 1200 312 ιι.

76 430 274 502 trocinatus
295 432 362 501 eet.
411 429 539 500 Eodem
567 452 654 497 anno
681 423 879 516 designatus
902 427 1021 497 aedilis
1043 432 1174 505 curulis

77 537 174 604 inter
193 558 253 603 cos
272 537 381 602 luisse
401 534 546 618 dicitur,
574 536 634 623 qui
650 535 794 624 primum
811 533 921 621 Nonis
935 535 1021 606 Dec.
1035 559 1112 604 cum
1130 537 1174 612 P.
1214 618 1216 623 A

79 641 259 733 Autronio
280 647 316 706 et
333 640 375 708 L.
398 639 548 710 Catilina
569 646 605 706 et
628 638 690 708 Cn.
714 635 840 706 Pisone
867 635 1102 723 coniurarunt,
1134 650 1176 710 ut
1214 626 1216 631 ¹

79 745 169 815 Kal.
184 743 257 814 lan.
276 743 312 809 in
330 741 500 833 Capitolio
512 743 555 814 L.
571 743 707 812 Cottam
722 749 758 807 at
771 741 813 810 L.
828 741 1041 830 Torquatum
1055 767 1176 813 consu-

80 851 137 918 les
161 845 370 929 occiderent,
396 868 537 935 quorum
558 849 633 913 loco
648 846 842 913 Autronius
851 854 889 912 'et
904 846 1051 932 Catilina
1064 849 1176 920 fascea

84 953 290 1041 acciperent,
311 948 394 1019 Piso
410 974 486 1018 curn
502 953 652 1018 exercitu
669 949 855 1038 Hispanias
870 958 1061 1039 occuparet,
1082 950 1178 1019 dein·
1207 954 1212 962 '

83 1055 131 1123 de
147 1032 317 1144 patefacta
331 1076 370 1121 re
384 1053 503 1122 Nonas
522 1055 625 1124 Febr.
645 1052 688 1119 ad
705 1053 836 1120 caedem
854 1075 919 1119 non
933 1056 1043 1120 solum
1057 1077 1179 1124 consu·

82 1161 179 1239 lum,
202 1159 264 1226 sed
278 1180 383 1248 paene
397 1161 546 1227 universi
559 1154 700 1224 sanatus
714 1158 982 1240 constituerunt,
1002 1180 1108 1246 coque
1123 1158 1181 1228 die

85 1262 340 1331 atrocissimum
354 1263 485 1330 lacinus
500 1261 730 1349 perpetraturi
743 1260 896 1342 inerunt,
918 1263 984 1328 nisi
999 1263 1090 1329 iusto
1109 1287 1180 1331 ma-

86 1369 204 1435 turius
219 1364 368 1435 Catilina
383 1374 461 1432 ante
475 1365 621 1445 curiam,
648 1363 845 1453 priusquam
866 1365 951 1430 satis
973 1375 1180 1444 armatorum

87 1477 333 1552 couvenerant,
363 1471 497 1557 signum
517 1469 703 1536 coniuratis
722 1466 901 1537 dedisset,
920 1466 1006 1554 ,Qua
1021 1491 1058 1536 re
1074 1471 1118 1537 ad
1132 1471 1182 1538 ir-

86 1577 197 1642 ritum
210 1571 359 1646 redactis
372 1595 488 1640 eorum
503 1573 654 1640 consiliis
670 1579 808 1638 sanatus
824 1579 960 1638 auctore
977 1571 1103 1641 Crasso
1119 1570 1182 1642 Pi-

88 1701 207 1747 sonom
236 1699 301 1766 pro
327 1683 510 1765 quaestura
539 1677 710 1766 praetoria
740 1680 911 1764 potestate
931 1675 967 1741 iu
989 1678 1182 1747 citeriorem

89 1781 296 1872 Hispaniam
326 1779 514 1864 ablegavit,
549 1780 607 1846 ubi
632 1769 805 1868 aliquanto
834 1787 913 1868 post
940 1779 982 1845 ab
1010 1781 1183 1869 equitibus

89 1883 296 1976 quibusdam
322 1880 487 1972 Hispanis
514 1884 715 1951 interiectus
737 1890 809 1964 est,
840 1885 875 1949 in
896 1884 1048 1972 reliquos
1069 1883 1185 1954 dscra‘-

91 2003 187 2073 tum,
209 1984 746 2078 quemadmodumconstituerat‚
772 2009 961 2077 proponere
974 1988 1185 2057 interceden-

93 2102 132 2162 te
155 2095 293 2171 tribuno
315 2090 425 2180 plebis
448 2112 515 2159 non
535 2092 664 2178 potuit,
688 2113 831 2178 quorum
848 2100 967 2179 postea
982 2095 1135 2160 nonnulli
1149 2096 1186 2161 in

91 2180 259 2268 iudicium
277 2192 416 2261 adducti
436 2201 472 2260 et
491 2195 616 2284 partim
633 2194 861 2278 condemnati,
888 2198 1013 2285 partim
1034 2197 1187 2265 absoluti

93 2309 191 2372 aaut.
234 2296 305 2368 Sed
326 2294 486 2365 Caesaris
506 2296 626 2365 nomeu
642 2299 678 2364 in
696 2299 751 2364 lais
767 2321 936 2389 nunquam
952 2297 1100 2367 delatum
1113 2305 1186 2369 est:
1214 2281 1217 2300 ’

95 2405 229 2476 inimici
241 2407 374 2471 mutum
389 2401 482 2488 iique
495 2401 639 2468 aliarum
651 2402 687 2467 in
701 2402 842 2469 eundem
858 2404 1100 2480 calumniarum
1116 2425 1188 2472 ma·
1245 2407 1249 2420 “

96 2510 218 2579 niieeti
238 2514 318 2596 post
337 2507 467 2593 aliquot
485 2527 609 2589 annos,
637 2528 710 2571 cum
725 2506 814 2573 inter
829 2507 971 2573 alterius
985 2507 1188 2575 coniuratio-

97 2617 155 2685 nis
173 2612 342 2683 Catilinae
355 2610 466 2676 socios
479 2611 671 2676 nominatus
684 2617 793 2692 esset,
814 2633 983 2677 rumorem
999 2611 1103 2677 istum
1119 2610 1190 2679 dis-

100 2721 260 2809 siparunt
288 2720 325 2780 st
348 2711 449 2780 fidem
472 2711 563 2803 apud
585 2711 772 2802 scriptores
794 2712 958 2800 quosdam
979 2714 1190 2800 invenerunt,

101 2845 203 2913 quam
224 2817 341 2885 haberi
362 2823 399 2884 at
417 2816 527 2905 ipsius
547 2816 804 2904 circumspectio
824 2824 860 2883 ot
878 2820 1025 2885 rumoris
1039 2812 1188 2890 varietas

101 2938 139 2996 et
152 2943 345 3013 repugnans
360 2919 555 2988 idoneorum
572 2929 746 2988 auctorum
761 2923 990 3009 testimonium
1006 2928 1110 2995 vetat.

206 3025 400 3097 Aedilitate
418 3027 554 3092 functus
576 3035 631 3093 ast
644 3024 747 3095 Cotta
766 3034 802 3093 et
818 3027 995 3113 Torquato
1011 3049 1099 3095 coss.
1115 3049 1198 3117 cum¹
1258 3046 1259 3052 ’

102 3133 154 3208 Μ.
170 3131 355 3218 Calpurnio
375 3127 500 3196 Bibulo
519 3150 641 3207 annum
663 3153 765 3218 agens
778 3129 932 3201 XXXV.
949 3129 1080 3196 duobus
1095 3133 1191 3199 annis

105 3238 225 3330 prius,
250 3257 351 3323 quam
370 3235 561 3324 perlegam
575 3233 723 3307 Villiam„
737 3236 899 3317 licuerat3
930 3234 985 3301 cui
1004 3236 1073 3319 legi
1092 3233 1193 3302 dero·

105 3349 222 3430 gaium
235 3341 297 3407 illo
312 3347 464 3431 tempore
480 3338 587 3405 luisse
600 3359 640 3405 eo
654 3338 863 3425 probabilius
880 3344 951 3418 est,
979 3336 1069 3425 quod
1089 3340 1193 3405 etiam
1269 3339 1272 3351 “

106 3447 157 3516 Μ.
171 3444 259 3514 Cato
270 3441 392 3511 iisdem
407 3441 603 3510 consulibua
620 3435 722 3509 annos
736 3443 963 3527 undetriginta
977 3454 1077 3509 natus
1090 3464 1193 3530 quae-

107 3561 240 3619 sturam
261 3547 381 3641 gessit,
425 3545 512 3616 Gum
532 3550 636 3612 moris
653 3556 762 3630 esset,
790 3554 830 3612 ut
847 3545 966 3612 diebus
981 3548 1079 3612 iestis
1095 3547 1194 3614 ludo-

93 3643 185 3724 'rum
202 3632 405 3721 solennitate
428 3649 471 3715 ab
489 3648 655 3718 aedilibus
677 3649 886 3718 celebrandis
910 3651 1018 3717 forum
1041 3657 1075 3716 ot
1091 3652 1193 3719 comi·
1265 3725 1272 3741 Ι

107 3759 195 3828 tium
210 3765 244 3825 et
257 3750 419 3822 basilicae
433 3753 476 3820 ad
489 3753 599 3820 forum
616 3755 743 3840 signis,
762 3756 924 3844 picturis,
947 3753 1036 3821 vasis
1052 3755 1200 3844 aliisquo,

107 3862 317 3932 ornamentis
333 3859 595 3939 instruerentur,
617 3879 678 3946 per
692 3880 778 3945 quae
792 3866 962 3926 tensarum
978 3880 1100 3947 pompa
1114 3859 1195 3941 deos

109 3968 155 4036 ad
175 3963 366 4055 pulvinaria
383 3985 448 4030 sua
466 3969 503 4028 et
524 3960 568 4028 ad
585 3961 686 4029 ludos
698 3963 885 4030 vehentium
900 3963 1089 4043 incederet,
1112 3960 1196 4031 Cae·

108 4093 171 4142 aar
193 4075 331 4166 praeter
352 4067 524 4137 comitium
543 4067 710 4134 acierum
731 4066 957 4154 basilicasque
974 4067 1076 4134 etiam
1094 4064 1196 4164 Capi·
1216 4146 1218 4151 Ι
