<?xml version="1.0" encoding="UTF-8"?>
<!DOCTYPE html PUBLIC "-//W3C//DTD XHTML 1.0 Transitional//EN"
    "http://www.w3.org/TR/xhtml1/DTD/xhtml1-transitional.dtd">
<html xmlns="http://www.w3.org/1999/xhtml" xml:lang="en" lang="en">
 <head>
  <title>
</title>
<meta http-equiv="Content-Type" content="text/html;charset=utf-8" />
  <meta name='ocr-system' content='tesseract 3.04.00' />
  <meta name='ocr-capabilities' content='ocr_page ocr_carea ocr_par ocr_line ocrx_word'/>
</head>
<body>
  <div class='ocr_page' id='page_1' title='image "./commentariidebe01schngoog_0261.png"; bbox 0 0 2572 4688; ppageno 0'>
   <div class='ocr_carea' id='block_1_1' title="bbox 142 211 1016 312">
    <p class='ocr_par' dir='ltr' id='par_1_1' title="bbox 142 211 1016 312">
     <span class='ocr_line' id='line_1_1' title="bbox 142 211 1016 312; baseline 0.003 -7"><span class='ocrx_word' id='word_1_1' title='bbox 142 235 212 305; x_wconf 80' lang='lat' dir='ltr'><strong><em>eoa</em></strong></span> <span class='ocrx_word' id='word_1_2' title='bbox 373 232 467 301; x_wconf 86' lang='lat' dir='ltr'><strong><em>nn</em></strong></span> <span class='ocrx_word' id='word_1_3' title='bbox 495 232 677 305; x_wconf 84' lang='lat' dir='ltr'><strong><em>sunno</em></strong></span> <span class='ocrx_word' id='word_1_4' title='bbox 708 235 961 312; x_wconf 80' lang='lat' dir='ltr'><strong><em>asuarco</em></strong></span> <span class='ocrx_word' id='word_1_5' title='bbox 1010 211 1016 219; x_wconf 82' lang='lat'><em>&#39;</em></span> 
     </span>
    </p>
   </div>
   <div class='ocr_carea' id='block_1_2' title="bbox 140 415 1224 693">
    <p class='ocr_par' dir='ltr' id='par_1_2' title="bbox 140 415 1224 693">
     <span class='ocr_line' id='line_1_2' title="bbox 140 415 1222 573; baseline 0.014 -87"><span class='ocrx_word' id='word_1_6' title='bbox 140 419 243 573; x_wconf 53' lang='lat' dir='ltr'><strong><em>thriquo</em></strong></span> <span class='ocrx_word' id='word_1_7' title='bbox 263 415 498 526; x_wconf 73' lang='lat' dir='ltr'><strong><em>indiligentius</em></strong></span> <span class='ocrx_word' id='word_1_8' title='bbox 517 429 716 541; x_wconf 73' lang='lat' dir='ltr'><strong><em>servaturos</em></strong></span> <span class='ocrx_word' id='word_1_9' title='bbox 740 423 974 533; x_wconf 74' lang='lat' dir='ltr'><strong><em>erediderunt,</em></strong></span> <span class='ocrx_word' id='word_1_10' title='bbox 1003 428 1128 534; x_wconf 74' lang='lat' dir='ltr'><strong><em>pertint</em></strong></span> <span class='ocrx_word' id='word_1_11' title='bbox 1148 450 1222 501; x_wconf 87' lang='lat' dir='ltr'><strong><em>turn</em></strong></span> 
     </span>
     <span class='ocr_line' id='line_1_3' title="bbox 141 514 1224 693; baseline 0.011 -30"><span class='ocrx_word' id='word_1_12' title='bbox 141 514 1224 693; x_wconf 58' lang='lat' dir='ltr'><strong><em>i:tllittliiliitlitiliiliidil?attilii}</em></strong></span> 
     </span>
    </p>
   </div>
   <div class='ocr_carea' id='block_1_3' title="bbox 120 768 1224 1516">
    <p class='ocr_par' dir='ltr' id='par_1_3' title="bbox 169 768 1224 1330">
     <span class='ocr_line' id='line_1_4' title="bbox 171 768 1224 845; baseline 0.011 -22"><span class='ocrx_word' id='word_1_13' title='bbox 171 784 243 837; x_wconf 79' lang='lat' dir='ltr'><strong><em>puae</em></strong></span> <span class='ocrx_word' id='word_1_14' title='bbox 260 780 403 835; x_wconf 76' lang='lat' dir='ltr'><strong><em>praetem</em></strong></span> <span class='ocrx_word' id='word_1_15' title='bbox 418 768 562 829; x_wconf 81' lang='lat' dir='ltr'><strong><em>dictionem</em></strong></span> <span class='ocrx_word' id='word_1_16' title='bbox 580 775 642 828; x_wconf 83' lang='lat' dir='ltr'><strong><em>usui</em></strong></span> <span class='ocrx_word' id='word_1_17' title='bbox 658 775 746 842; x_wconf 81' lang='lat' dir='ltr'><strong><em>magis</em></strong></span> <span class='ocrx_word' id='word_1_18' title='bbox 761 785 951 844; x_wconf 75' lang='lat' dir='ltr'><strong><em>congruentem</em></strong></span> <span class='ocrx_word' id='word_1_19' title='bbox 976 778 1053 839; x_wconf 81' lang='lat' dir='ltr'><strong><em>(civ.</em></strong></span> <span class='ocrx_word' id='word_1_20' title='bbox 1067 781 1100 845; x_wconf 75' lang='lat' dir='ltr'><strong><em>a,</em></strong></span> <span class='ocrx_word' id='word_1_21' title='bbox 1117 783 1153 832; x_wconf 77' lang='grc'><strong><em>39</em></strong></span> <span class='ocrx_word' id='word_1_22' title='bbox 1170 782 1224 835; x_wconf 84' lang='lat' dir='ltr'><strong><em>de-</em></strong></span> 
     </span>
     <span class='ocr_line' id='line_1_5' title="bbox 171 841 1223 913; baseline 0.01 -19"><span class='ocrx_word' id='word_1_23' title='bbox 171 841 270 894; x_wconf 87' lang='lat' dir='ltr'><strong><em>daciis</em></strong></span> <span class='ocrx_word' id='word_1_24' title='bbox 286 855 356 894; x_wconf 88' lang='lat' dir='ltr'><strong><em>orae</em></strong></span> <span class='ocrx_word' id='word_1_25' title='bbox 373 844 537 909; x_wconf 74' lang='lat' dir='ltr'><strong><em>maritimae</em></strong></span> <span class='ocrx_word' id='word_1_26' title='bbox 551 847 716 913; x_wconf 74' lang='lat' dir='ltr'><strong><em>praesidiis.</em></strong></span> <span class='ocrx_word' id='word_1_27' title='bbox 750 845 786 898; x_wconf 85' lang='lat' dir='ltr'><strong><em>ib.</em></strong></span> <span class='ocrx_word' id='word_1_28' title='bbox 800 850 839 903; x_wconf 78' lang='lat'><strong><em>73</em></strong></span> <span class='ocrx_word' id='word_1_29' title='bbox 852 848 1010 913; x_wconf 74' lang='lat' dir='ltr'><strong><em>praesidiis</em></strong></span> <span class='ocrx_word' id='word_1_30' title='bbox 1026 846 1154 900; x_wconf 75' lang='lat' dir='ltr'><strong><em>omnibus</em></strong></span> <span class='ocrx_word' id='word_1_31' title='bbox 1170 852 1223 904; x_wconf 85' lang='lat' dir='ltr'><strong><em>de-</em></strong></span> 
     </span>
     <span class='ocr_line' id='line_1_6' title="bbox 171 906 1223 980; baseline 0.007 -16"><span class='ocrx_word' id='word_1_32' title='bbox 171 911 319 971; x_wconf 84' lang='lat' dir='ltr'><strong><em>dedactis)</em></strong></span> <span class='ocrx_word' id='word_1_33' title='bbox 343 920 371 962; x_wconf 88' lang='lat' dir='ltr'><strong><em>et</em></strong></span> <span class='ocrx_word' id='word_1_34' title='bbox 387 926 445 964; x_wconf 91' lang='lat' dir='ltr'><strong><em>rem</em></strong></span> <span class='ocrx_word' id='word_1_35' title='bbox 461 927 511 978; x_wconf 89' lang='lat' dir='ltr'><strong><em>per</em></strong></span> <span class='ocrx_word' id='word_1_36' title='bbox 528 928 559 964; x_wconf 85' lang='lat' dir='ltr'><strong><em>se</em></strong></span> <span class='ocrx_word' id='word_1_37' title='bbox 575 915 663 980; x_wconf 74' lang='lat' dir='ltr'><strong><em>magis</em></strong></span> <span class='ocrx_word' id='word_1_38' title='bbox 672 916 843 980; x_wconf 75' lang='lat' dir='ltr'><strong><em>probabilem</em></strong></span> <span class='ocrx_word' id='word_1_39' title='bbox 861 906 950 968; x_wconf 83' lang='lat' dir='ltr'><strong><em>babet.</em></strong></span> <span class='ocrx_word' id='word_1_40' title='bbox 990 917 1064 969; x_wconf 84' lang='lat' dir='ltr'><strong><em>Nibil</em></strong></span> <span class='ocrx_word' id='word_1_41' title='bbox 1082 918 1156 969; x_wconf 85' lang='lat' dir='ltr'><strong><em>enim</em></strong></span> <span class='ocrx_word' id='word_1_42' title='bbox 1174 932 1223 971; x_wconf 92' lang='lat' dir='ltr'><strong><em>eo-</em></strong></span> 
     </span>
     <span class='ocr_line' id='line_1_7' title="bbox 169 980 1223 1105; baseline 0.002 -77"><span class='ocrx_word' id='word_1_43' title='bbox 169 994 247 1062; x_wconf 70' lang='lat' dir='ltr'><strong><em>runr,</em></strong></span> <span class='ocrx_word' id='word_1_44' title='bbox 269 992 339 1098; x_wconf 53' lang='lat' dir='ltr'><strong><em>quae</em></strong></span> <span class='ocrx_word' id='word_1_45' title='bbox 352 982 466 1063; x_wconf 75' lang='lat' dir='ltr'><strong><em>aiteram</em></strong></span> <span class='ocrx_word' id='word_1_46' title='bbox 482 983 607 1046; x_wconf 77' lang='lat' dir='ltr'><strong><em>probanti</em></strong></span> <span class='ocrx_word' id='word_1_47' title='bbox 623 987 754 1037; x_wconf 87' lang='lat' dir='ltr'><strong><em>sumenda</em></strong></span> <span class='ocrx_word' id='word_1_48' title='bbox 768 980 932 1105; x_wconf 50' lang='lat' dir='ltr'><strong><em>esse³s3upra</em></strong></span> <span class='ocrx_word' id='word_1_49' title='bbox 947 987 1131 1071; x_wconf 64' lang='lat' dir='ltr'><strong><em>ostendimus,</em></strong></span> <span class='ocrx_word' id='word_1_50' title='bbox 1147 986 1223 1069; x_wconf 63' lang='lat' dir='ltr'><strong><em>cae.</em></strong></span> 
     </span>
     <span class='ocr_line' id='line_1_8' title="bbox 278 1051 1222 1188; baseline 0.006 -16.389"><span class='ocrx_word' id='word_1_51' title='bbox 278 1051 600 1185; x_wconf 55' lang='lat' dir='ltr'><strong><em>dubitastis</em></strong></span> <span class='ocrx_word' id='word_1_52' title='bbox 612 1054 1222 1188; x_wconf 59' lang='lat' dir='ltr'><strong><em>tilteltibettittbttiits</em></strong></span> 
     </span>
     <span class='ocr_line' id='line_1_9' title="bbox 170 1189 1221 1260; baseline 0.008 -23"><span class='ocrx_word' id='word_1_53' title='bbox 170 1201 208 1237; x_wconf 85' lang='lat' dir='ltr'><strong><em>ex</em></strong></span> <span class='ocrx_word' id='word_1_54' title='bbox 223 1189 447 1249; x_wconf 70' lang='lat' dir='ltr'><strong><em>Episemou-idibus</em></strong></span> <span class='ocrx_word' id='word_1_55' title='bbox 463 1191 568 1254; x_wconf 84' lang='lat' dir='ltr'><strong><em>quidem</em></strong></span> <span class='ocrx_word' id='word_1_56' title='bbox 585 1192 654 1243; x_wconf 90' lang='lat' dir='ltr'><strong><em>banc</em></strong></span> <span class='ocrx_word' id='word_1_57' title='bbox 670 1191 786 1259; x_wconf 76' lang='lat' dir='ltr'><strong><em>aiteram</em></strong></span> <span class='ocrx_word' id='word_1_58' title='bbox 808 1194 932 1260; x_wconf 88' lang='lat' dir='ltr'><strong><em>ductam,</em></strong></span> <span class='ocrx_word' id='word_1_59' title='bbox 962 1194 1012 1244; x_wconf 85' lang='lat' dir='ltr'><strong><em>sed</em></strong></span> <span class='ocrx_word' id='word_1_60' title='bbox 1033 1194 1221 1257; x_wconf 76' lang='lat' dir='ltr'><strong><em>exeogbatam</em></strong></span> 
     </span>
     <span class='ocr_line' id='line_1_10' title="bbox 171 1256 1220 1330; baseline 0.006 -22"><span class='ocrx_word' id='word_1_61' title='bbox 171 1259 206 1308; x_wconf 90' lang='lat' dir='ltr'><strong><em>ab</em></strong></span> <span class='ocrx_word' id='word_1_62' title='bbox 221 1256 311 1319; x_wconf 81' lang='lat' dir='ltr'><strong><em>aliquo</em></strong></span> <span class='ocrx_word' id='word_1_63' title='bbox 327 1257 467 1326; x_wconf 89' lang='lat' dir='ltr'><strong><em>suspicor,</em></strong></span> <span class='ocrx_word' id='word_1_64' title='bbox 491 1260 537 1323; x_wconf 84' lang='lat' dir='ltr'><strong><em>qui</em></strong></span> <span class='ocrx_word' id='word_1_65' title='bbox 552 1261 587 1311; x_wconf 88' lang='lat' dir='ltr'><strong><em>de</em></strong></span> <span class='ocrx_word' id='word_1_66' title='bbox 603 1259 734 1313; x_wconf 74' lang='lat' dir='ltr'><strong><em>militibus</em></strong></span> <span class='ocrx_word' id='word_1_67' title='bbox 751 1272 819 1327; x_wconf 92' lang='lat' dir='ltr'><strong><em>non,</em></strong></span> <span class='ocrx_word' id='word_1_68' title='bbox 843 1269 874 1312; x_wconf 93' lang='lat' dir='ltr'><strong><em>ut</em></strong></span> <span class='ocrx_word' id='word_1_69' title='bbox 889 1261 1021 1330; x_wconf 86' lang='lat' dir='ltr'><strong><em>debebat,</em></strong></span> <span class='ocrx_word' id='word_1_70' title='bbox 1046 1260 1076 1313; x_wconf 88' lang='lat' dir='ltr'><strong><em>iu</em></strong></span> <span class='ocrx_word' id='word_1_71' title='bbox 1092 1265 1220 1314; x_wconf 73' lang='lat' dir='ltr'><strong><em>cassellis</em></strong></span> 
     </span>
    </p>

    <p class='ocr_par' dir='ltr' id='par_1_4' title="bbox 120 1327 1221 1516">
     <span class='ocr_line' id='line_1_11' title="bbox 120 1327 1221 1395; baseline 0.007 -20"><span class='ocrx_word' id='word_1_72' title='bbox 120 1356 126 1364; x_wconf 88' lang='lat'>-</span> <span class='ocrx_word' id='word_1_73' title='bbox 169 1329 198 1376; x_wconf 89' lang='lat' dir='ltr'><strong><em>et</em></strong></span> <span class='ocrx_word' id='word_1_74' title='bbox 222 1327 358 1392; x_wconf 86' lang='lat' dir='ltr'><strong><em>turribus,</em></strong></span> <span class='ocrx_word' id='word_1_75' title='bbox 388 1329 438 1378; x_wconf 87' lang='lat' dir='ltr'><strong><em>sed</em></strong></span> <span class='ocrx_word' id='word_1_76' title='bbox 461 1329 489 1379; x_wconf 90' lang='lat' dir='ltr'><strong><em>iu</em></strong></span> <span class='ocrx_word' id='word_1_77' title='bbox 512 1328 609 1391; x_wconf 90' lang='lat' dir='ltr'><strong><em>oppido</em></strong></span> <span class='ocrx_word' id='word_1_78' title='bbox 630 1329 805 1380; x_wconf 77' lang='lat' dir='ltr'><strong><em>versantibus</em></strong></span> <span class='ocrx_word' id='word_1_79' title='bbox 825 1328 968 1395; x_wconf 73' lang='lat' dir='ltr'><strong><em>cogitans,</em></strong></span> <span class='ocrx_word' id='word_1_80' title='bbox 992 1328 1126 1394; x_wconf 83' lang='lat' dir='ltr'><strong><em>qniaiam</em></strong></span> <span class='ocrx_word' id='word_1_81' title='bbox 1141 1333 1221 1383; x_wconf 82' lang='lat' dir='ltr'><strong><em>exire</em></strong></span> 
     </span>
     <span class='ocr_line' id='line_1_12' title="bbox 169 1395 1219 1467; baseline 0.008 -23"><span class='ocrx_word' id='word_1_82' title='bbox 169 1407 217 1445; x_wconf 87' lang='lat' dir='ltr'><strong><em>eos</em></strong></span> <span class='ocrx_word' id='word_1_83' title='bbox 241 1404 277 1446; x_wconf 84' lang='lat' dir='ltr'><strong><em>ex</em></strong></span> <span class='ocrx_word' id='word_1_84' title='bbox 299 1396 396 1460; x_wconf 90' lang='lat' dir='ltr'><strong><em>oppido</em></strong></span> <span class='ocrx_word' id='word_1_85' title='bbox 418 1395 508 1450; x_wconf 86' lang='lat' dir='ltr'><strong><em>iussos</em></strong></span> <span class='ocrx_word' id='word_1_86' title='bbox 528 1398 649 1467; x_wconf 86' lang='lat' dir='ltr'><strong><em>videret,</em></strong></span> <span class='ocrx_word' id='word_1_87' title='bbox 671 1398 850 1459; x_wconf 80' lang='lat' dir='ltr'><strong><em>deducturos</em></strong></span> <span class='ocrx_word' id='word_1_88' title='bbox 865 1400 1023 1463; x_wconf 84' lang='lat' dir='ltr'><strong><em>mendosum</em></strong></span> <span class='ocrx_word' id='word_1_89' title='bbox 1038 1412 1103 1452; x_wconf 87' lang='lat' dir='ltr'><strong><em>esse</em></strong></span> <span class='ocrx_word' id='word_1_90' title='bbox 1120 1401 1219 1466; x_wconf 87' lang='lat' dir='ltr'><strong><em>opina-</em></strong></span> 
     </span>
     <span class='ocr_line' id='line_1_13' title="bbox 168 1474 253 1516; baseline 0 -2"><span class='ocrx_word' id='word_1_91' title='bbox 168 1474 253 1516; x_wconf 87' lang='lat' dir='ltr'><strong><em>retur.</em></strong></span> 
     </span>
    </p>
   </div>
   <div class='ocr_carea' id='block_1_4' title="bbox 133 1599 1218 1951">
    <p class='ocr_par' dir='ltr' id='par_1_5' title="bbox 133 1599 1218 1951">
     <span class='ocr_line' id='line_1_14' title="bbox 134 1599 1218 1674; baseline 0.003 -21"><span class='ocrx_word' id='word_1_92' title='bbox 134 1599 297 1665; x_wconf 77' lang='lat' dir='ltr'><strong><em>cogitatione</em></strong></span> <span class='ocrx_word' id='word_1_93' title='bbox 315 1600 453 1666; x_wconf 77' lang='lat' dir='ltr'><strong><em>significat</em></strong></span> <span class='ocrx_word' id='word_1_94' title='bbox 466 1602 604 1670; x_wconf 85' lang='lat' dir='ltr'><strong><em>atqueid,</em></strong></span> <span class='ocrx_word' id='word_1_95' title='bbox 624 1602 655 1674; x_wconf 83' lang='lat' dir='ltr'><strong><em>in</em></strong></span> <span class='ocrx_word' id='word_1_96' title='bbox 696 1602 744 1669; x_wconf 78' lang='lat' dir='ltr'><strong><em>qni</em></strong></span> <span class='ocrx_word' id='word_1_97' title='bbox 772 1601 934 1656; x_wconf 77' lang='lat' dir='ltr'><strong><em>munitiones</em></strong></span> <span class='ocrx_word' id='word_1_98' title='bbox 968 1615 1021 1656; x_wconf 93' lang='lat' dir='ltr'><strong><em>nou</em></strong></span> <span class='ocrx_word' id='word_1_99' title='bbox 1053 1605 1218 1657; x_wconf 82' lang='lat' dir='ltr'><strong><em>deserentes</em></strong></span> 
     </span>
     <span class='ocr_line' id='line_1_15' title="bbox 134 1670 1217 1741; baseline 0.006 -20"><span class='ocrx_word' id='word_1_100' title='bbox 134 1682 205 1736; x_wconf 88' lang='lat' dir='ltr'><strong><em>quo,</em></strong></span> <span class='ocrx_word' id='word_1_101' title='bbox 223 1672 249 1722; x_wconf 89' lang='lat' dir='ltr'><strong><em>si</em></strong></span> <span class='ocrx_word' id='word_1_102' title='bbox 262 1670 355 1734; x_wconf 89' lang='lat' dir='ltr'><strong><em>priora</em></strong></span> <span class='ocrx_word' id='word_1_103' title='bbox 369 1671 474 1724; x_wconf 85' lang='lat' dir='ltr'><strong><em>incerta</em></strong></span> <span class='ocrx_word' id='word_1_104' title='bbox 489 1673 558 1738; x_wconf 90' lang='lat' dir='ltr'><strong><em>sint,</em></strong></span> <span class='ocrx_word' id='word_1_105' title='bbox 582 1675 653 1727; x_wconf 84' lang='lat' dir='ltr'><strong><em>baud</em></strong></span> <span class='ocrx_word' id='word_1_106' title='bbox 694 1674 851 1741; x_wconf 79' lang='lat' dir='ltr'><strong><em>prohibent,</em></strong></span> <span class='ocrx_word' id='word_1_107' title='bbox 874 1687 910 1725; x_wconf 89' lang='lat' dir='ltr'><strong><em>ne</em></strong></span> <span class='ocrx_word' id='word_1_108' title='bbox 922 1675 999 1727; x_wconf 90' lang='lat' dir='ltr'><strong><em>nulia</em></strong></span> <span class='ocrx_word' id='word_1_109' title='bbox 1017 1673 1056 1724; x_wconf 90' lang='lat' dir='ltr'><strong><em>ibi</em></strong></span> <span class='ocrx_word' id='word_1_110' title='bbox 1074 1676 1217 1739; x_wconf 85' lang='lat' dir='ltr'><strong><em>praesidia</em></strong></span> 
     </span>
     <span class='ocr_line' id='line_1_16' title="bbox 133 1740 1216 1809; baseline 0.005 -18"><span class='ocrx_word' id='word_1_111' title='bbox 133 1742 214 1791; x_wconf 90' lang='lat' dir='ltr'><strong><em>dabie</em></strong></span> <span class='ocrx_word' id='word_1_112' title='bbox 234 1740 372 1803; x_wconf 75' lang='lat' dir='ltr'><strong><em>acquiesci</em></strong></span> <span class='ocrx_word' id='word_1_113' title='bbox 399 1741 495 1802; x_wconf 79' lang='lat' dir='ltr'><strong><em>possit.</em></strong></span> <span class='ocrx_word' id='word_1_114' title='bbox 542 1743 574 1794; x_wconf 89' lang='lat' dir='ltr'><strong><em>Id</em></strong></span> <span class='ocrx_word' id='word_1_115' title='bbox 598 1755 652 1795; x_wconf 90' lang='lat' dir='ltr'><strong><em>uon</em></strong></span> <span class='ocrx_word' id='word_1_116' title='bbox 695 1744 766 1808; x_wconf 76' lang='lat' dir='ltr'><strong><em>sint3</em></strong></span> <span class='ocrx_word' id='word_1_117' title='bbox 800 1756 888 1808; x_wconf 82' lang='lat' dir='ltr'><strong><em>nequa</em></strong></span> <span class='ocrx_word' id='word_1_118' title='bbox 917 1755 987 1808; x_wconf 89' lang='lat' dir='ltr'><strong><em>opus</em></strong></span> <span class='ocrx_word' id='word_1_119' title='bbox 1017 1751 1061 1795; x_wconf 89' lang='lat' dir='ltr'><strong><em>est</em></strong></span> <span class='ocrx_word' id='word_1_120' title='bbox 1090 1752 1123 1795; x_wconf 89' lang='lat' dir='ltr'><strong><em>ut</em></strong></span> <span class='ocrx_word' id='word_1_121' title='bbox 1143 1758 1216 1809; x_wconf 87' lang='lat' dir='ltr'><strong><em>quae</em></strong></span> 
     </span>
     <span class='ocr_line' id='line_1_17' title="bbox 133 1808 1215 1880; baseline -0.001 -14"><span class='ocrx_word' id='word_1_122' title='bbox 133 1812 245 1862; x_wconf 71' lang='lat' dir='ltr'><strong><em>mulum</em></strong></span> <span class='ocrx_word' id='word_1_123' title='bbox 257 1811 341 1861; x_wconf 77' lang='lat' dir='ltr'><strong><em>uisset</em></strong></span> <span class='ocrx_word' id='word_1_124' title='bbox 354 1823 372 1862; x_wconf 81' lang='lat' dir='ltr'><strong><em>a</em></strong></span> <span class='ocrx_word' id='word_1_125' title='bbox 383 1811 476 1862; x_wconf 77' lang='lat' dir='ltr'><strong><em>aera.</em></strong></span> <span class='ocrx_word' id='word_1_126' title='bbox 489 1808 652 1880; x_wconf 62' lang='lat' dir='ltr'><strong><em>meristeos,</em></strong></span> <span class='ocrx_word' id='word_1_127' title='bbox 694 1810 832 1876; x_wconf 77' lang='lat' dir='ltr'><strong><em>praesidia</em></strong></span> <span class='ocrx_word' id='word_1_128' title='bbox 846 1813 1029 1880; x_wconf 89' lang='lat' dir='ltr'><strong><em>deducantur,</em></strong></span> <span class='ocrx_word' id='word_1_129' title='bbox 1053 1813 1111 1868; x_wconf 84' lang='lat' dir='ltr'><strong><em>alia</em></strong></span> <span class='ocrx_word' id='word_1_130' title='bbox 1129 1813 1215 1865; x_wconf 84' lang='lat' dir='ltr'><strong><em>intei-</em></strong></span> 
     </span>
     <span class='ocr_line' id='line_1_18' title="bbox 133 1879 1216 1951; baseline 0.007 -22"><span class='ocrx_word' id='word_1_131' title='bbox 133 1892 186 1942; x_wconf 83' lang='lat' dir='ltr'><strong><em>quo</em></strong></span> <span class='ocrx_word' id='word_1_132' title='bbox 201 1894 282 1931; x_wconf 85' lang='lat' dir='ltr'><strong><em>uuum</em></strong></span> <span class='ocrx_word' id='word_1_133' title='bbox 294 1879 390 1947; x_wconf 89' lang='lat' dir='ltr'><strong><em>nobis,</em></strong></span> <span class='ocrx_word' id='word_1_134' title='bbox 412 1880 437 1930; x_wconf 88' lang='lat' dir='ltr'><strong><em>si</em></strong></span> <span class='ocrx_word' id='word_1_135' title='bbox 447 1893 500 1930; x_wconf 93' lang='lat' dir='ltr'><strong><em>non</em></strong></span> <span class='ocrx_word' id='word_1_136' title='bbox 512 1885 592 1944; x_wconf 89' lang='lat' dir='ltr'><strong><em>plura</em></strong></span> <span class='ocrx_word' id='word_1_137' title='bbox 604 1891 652 1935; x_wconf 90' lang='lat' dir='ltr'><strong><em>aut</em></strong></span> <span class='ocrx_word' id='word_1_138' title='bbox 692 1884 826 1948; x_wconf 83' lang='lat' dir='ltr'><strong><em>ligamus,</em></strong></span> <span class='ocrx_word' id='word_1_139' title='bbox 843 1882 980 1946; x_wconf 79' lang='lat' dir='ltr'><strong><em>absquae</em></strong></span> <span class='ocrx_word' id='word_1_140' title='bbox 992 1886 1147 1951; x_wconf 88' lang='lat' dir='ltr'><strong><em>serventur,</em></strong></span> <span class='ocrx_word' id='word_1_141' title='bbox 1165 1882 1216 1937; x_wconf 87' lang='lat' dir='ltr'><strong><em>iila</em></strong></span> 
     </span>
    </p>
   </div>
   <div class='ocr_carea' id='block_1_5' title="bbox 46 1947 1234 2018">
    <p class='ocr_par' dir='ltr' id='par_1_6' title="bbox 46 1947 1234 2018">
     <span class='ocr_line' id='line_1_19' title="bbox 46 1947 1234 2018; baseline 0.004 -18"><span class='ocrx_word' id='word_1_142' title='bbox 46 1948 50 1953; x_wconf 87' lang='lat'>&#39;</span> <span class='ocrx_word' id='word_1_143' title='bbox 132 1949 246 2015; x_wconf 85' lang='lat' dir='ltr'><strong><em>maiora,</em></strong></span> <span class='ocrx_word' id='word_1_144' title='bbox 259 1947 370 1999; x_wconf 87' lang='lat' dir='ltr'><strong><em>concedi</em></strong></span> <span class='ocrx_word' id='word_1_145' title='bbox 378 1950 424 2000; x_wconf 94' lang='lat' dir='ltr'><strong><em>vel</em></strong></span> <span class='ocrx_word' id='word_1_146' title='bbox 432 1950 507 2000; x_wconf 87' lang='lat' dir='ltr'><strong><em>credi</em></strong></span> <span class='ocrx_word' id='word_1_147' title='bbox 518 1953 651 2018; x_wconf 84' lang='lat' dir='ltr'><strong><em>iubemus,</em></strong></span> <span class='ocrx_word' id='word_1_148' title='bbox 691 1952 802 2015; x_wconf 88' lang='lat' dir='ltr'><strong><em>milites,</em></strong></span> <span class='ocrx_word' id='word_1_149' title='bbox 819 1952 975 2003; x_wconf 87' lang='lat' dir='ltr'><strong><em>baeeiocos</em></strong></span> <span class='ocrx_word' id='word_1_150' title='bbox 988 1951 1234 2018; x_wconf 65' lang='lat' dir='ltr'><strong><em>interpretenturs¹</em></strong></span> 
     </span>
    </p>
   </div>
   <div class='ocr_carea' id='block_1_6' title="bbox 67 2019 1247 4171">
    <p class='ocr_par' dir='ltr' id='par_1_7' title="bbox 67 2019 1247 2906">
     <span class='ocr_line' id='line_1_20' title="bbox 130 2019 1212 2094; baseline 0.007 -27"><span class='ocrx_word' id='word_1_151' title='bbox 130 2024 161 2067; x_wconf 88' lang='lat' dir='ltr'><strong><em>et</em></strong></span> <span class='ocrx_word' id='word_1_152' title='bbox 186 2031 273 2081; x_wconf 87' lang='lat' dir='ltr'><strong><em>aeque</em></strong></span> <span class='ocrx_word' id='word_1_153' title='bbox 298 2031 382 2081; x_wconf 85' lang='lat' dir='ltr'><strong><em>prope</em></strong></span> <span class='ocrx_word' id='word_1_154' title='bbox 411 2019 489 2068; x_wconf 89' lang='lat' dir='ltr'><strong><em>abest</em></strong></span> <span class='ocrx_word' id='word_1_155' title='bbox 514 2031 533 2072; x_wconf 88' lang='lat' dir='ltr'><strong><em>a</em></strong></span> <span class='ocrx_word' id='word_1_156' title='bbox 556 2021 650 2073; x_wconf 78' lang='lat' dir='ltr'><strong><em>Germ.</em></strong></span> <span class='ocrx_word' id='word_1_157' title='bbox 692 2019 860 2086; x_wconf 80' lang='lat' dir='ltr'><strong><em>quouipsun</em></strong></span> <span class='ocrx_word' id='word_1_158' title='bbox 872 2019 1008 2094; x_wconf 63' lang='lat' dir='ltr'><strong><em>munemel</em></strong></span> <span class='ocrx_word' id='word_1_159' title='bbox 1021 2022 1150 2091; x_wconf 85' lang='lat' dir='ltr'><strong><em>opussii,</em></strong></span> <span class='ocrx_word' id='word_1_160' title='bbox 1163 2037 1212 2087; x_wconf 92' lang='lat' dir='ltr'><strong><em>po-</em></strong></span> 
     </span>
     <span class='ocr_line' id='line_1_21' title="bbox 131 2082 1211 2159; baseline 0.004 -18"><span class='ocrx_word' id='word_1_161' title='bbox 131 2082 278 2155; x_wconf 61' lang='lat' dir='ltr'><strong><em>b‘orbiitaip</em></strong></span> <span class='ocrx_word' id='word_1_162' title='bbox 307 2100 359 2152; x_wconf 89' lang='lat' dir='ltr'><strong><em>quo</em></strong></span> <span class='ocrx_word' id='word_1_163' title='bbox 383 2096 548 2159; x_wconf 86' lang='lat' dir='ltr'><strong><em>extremum,</em></strong></span> <span class='ocrx_word' id='word_1_164' title='bbox 580 2091 651 2155; x_wconf 81' lang='lat' dir='ltr'><strong><em>quod</em></strong></span> <span class='ocrx_word' id='word_1_165' title='bbox 693 2089 921 2154; x_wconf 79' lang='lat' dir='ltr'><strong><em>dusfaeiendum,</em></strong></span> <span class='ocrx_word' id='word_1_166' title='bbox 936 2102 1211 2153; x_wconf 84' lang='lat' dir='ltr'><strong><em>quamseroarenon</em></strong></span> 
     </span>
     <span class='ocr_line' id='line_1_22' title="bbox 130 2156 1247 2224; baseline 0.003 -14"><span class='ocrx_word' id='word_1_167' title='bbox 130 2159 245 2210; x_wconf 90' lang='lat' dir='ltr'><strong><em>concedi</em></strong></span> <span class='ocrx_word' id='word_1_168' title='bbox 262 2159 309 2207; x_wconf 90' lang='lat' dir='ltr'><strong><em>vel</em></strong></span> <span class='ocrx_word' id='word_1_169' title='bbox 330 2157 405 2207; x_wconf 84' lang='lat' dir='ltr'><strong><em>credi</em></strong></span> <span class='ocrx_word' id='word_1_170' title='bbox 423 2156 525 2224; x_wconf 81' lang='lat' dir='ltr'><strong><em>possit,</em></strong></span> <span class='ocrx_word' id='word_1_171' title='bbox 553 2159 651 2210; x_wconf 86' lang='lat' dir='ltr'><strong><em>delini·</em></strong></span> <span class='ocrx_word' id='word_1_172' title='bbox 692 2160 726 2211; x_wconf 93' lang='lat' dir='ltr'><strong><em>ad</em></strong></span> <span class='ocrx_word' id='word_1_173' title='bbox 741 2158 879 2222; x_wconf 87' lang='lat' dir='ltr'><strong><em>praesidia</em></strong></span> <span class='ocrx_word' id='word_1_174' title='bbox 892 2159 1064 2211; x_wconf 72' lang='lat' dir='ltr'><strong><em>reiciendum</em></strong></span> <span class='ocrx_word' id='word_1_175' title='bbox 1075 2174 1188 2215; x_wconf 70' lang='lat' dir='ltr'><strong><em>cenem.</em></strong></span> <span class='ocrx_word' id='word_1_176' title='bbox 1235 2174 1247 2186; x_wconf 80' lang='lat'><strong>·</strong></span> 
     </span>
     <span class='ocr_line' id='line_1_23' title="bbox 128 2227 1211 2291; baseline 0.002 -11"><span class='ocrx_word' id='word_1_177' title='bbox 128 2241 206 2291; x_wconf 81' lang='lat' dir='ltr'><strong><em>mus3</em></strong></span> <span class='ocrx_word' id='word_1_178' title='bbox 241 2237 293 2279; x_wconf 87' lang='lat' dir='ltr'><strong><em>nec</em></strong></span> <span class='ocrx_word' id='word_1_179' title='bbox 325 2227 394 2277; x_wconf 86' lang='lat' dir='ltr'><strong><em>satis</em></strong></span> <span class='ocrx_word' id='word_1_180' title='bbox 419 2238 520 2279; x_wconf 87' lang='lat' dir='ltr'><strong><em>causae</em></strong></span> <span class='ocrx_word' id='word_1_181' title='bbox 544 2227 651 2281; x_wconf 81' lang='lat' dir='ltr'><strong><em>Haudio</em></strong></span> <span class='ocrx_word' id='word_1_182' title='bbox 744 2228 929 2289; x_wconf 80' lang='lat' dir='ltr'><strong><em>crediderant]</em></strong></span> <span class='ocrx_word' id='word_1_183' title='bbox 960 2228 1132 2283; x_wconf 87' lang='lat' dir='ltr'><strong><em>indicativus</em></strong></span> <span class='ocrx_word' id='word_1_184' title='bbox 1152 2242 1211 2282; x_wconf 88' lang='lat' dir='ltr'><strong><em>rem</em></strong></span> 
     </span>
     <span class='ocr_line' id='line_1_24' title="bbox 129 2292 1211 2365; baseline 0.003 -17"><span class='ocrx_word' id='word_1_185' title='bbox 129 2292 218 2350; x_wconf 84' lang='lat' dir='ltr'><strong><em>&#39;iuisse</em></strong></span> <span class='ocrx_word' id='word_1_186' title='bbox 246 2303 326 2358; x_wconf 87' lang='lat' dir='ltr'><strong><em>puto,</em></strong></span> <span class='ocrx_word' id='word_1_187' title='bbox 356 2309 406 2347; x_wconf 89' lang='lat' dir='ltr'><strong><em>eur</em></strong></span> <span class='ocrx_word' id='word_1_188' title='bbox 424 2297 543 2349; x_wconf 71' lang='lat' dir='ltr'><strong><em>Turseli.</em></strong></span> <span class='ocrx_word' id='word_1_189' title='bbox 564 2301 599 2364; x_wconf 82' lang='grc'><strong><em>2,</em></strong></span> <span class='ocrx_word' id='word_1_190' title='bbox 621 2312 649 2361; x_wconf 88' lang='lat' dir='ltr'><strong><em>p.</em></strong></span> <span class='ocrx_word' id='word_1_191' title='bbox 689 2293 719 2346; x_wconf 86' lang='lat' dir='ltr'><strong><em>in</em></strong></span> <span class='ocrx_word' id='word_1_192' title='bbox 742 2294 818 2348; x_wconf 84' lang='lat' dir='ltr'><strong><em>iacto</em></strong></span> <span class='ocrx_word' id='word_1_193' title='bbox 842 2297 976 2365; x_wconf 81' lang='lat' dir='ltr'><strong><em>positam,</em></strong></span> <span class='ocrx_word' id='word_1_194' title='bbox 1004 2310 1060 2350; x_wconf 90' lang='lat' dir='ltr'><strong><em>nou</em></strong></span> <span class='ocrx_word' id='word_1_195' title='bbox 1085 2299 1211 2363; x_wconf 90' lang='lat' dir='ltr'><strong><em>opinione</em></strong></span> 
     </span>
     <span class='ocr_line' id='line_1_25' title="bbox 128 2363 1211 2430; baseline -0.001 -10"><span class='ocrx_word' id='word_1_196' title='bbox 128 2366 183 2420; x_wconf 83' lang='lat'><strong><em>270</em></strong></span> <span class='ocrx_word' id='word_1_197' title='bbox 195 2368 222 2417; x_wconf 86' lang='lat' dir='ltr'><strong><em>et</em></strong></span> <span class='ocrx_word' id='word_1_198' title='bbox 234 2366 287 2415; x_wconf 82' lang='grc'><strong><em>269</em></strong></span> <span class='ocrx_word' id='word_1_199' title='bbox 299 2365 470 2417; x_wconf 79' lang='lat' dir='ltr'><strong><em>Germanicis</em></strong></span> <span class='ocrx_word' id='word_1_200' title='bbox 488 2365 550 2416; x_wconf 88' lang='lat' dir='ltr'><strong><em>istis</em></strong></span> <span class='ocrx_word' id='word_1_201' title='bbox 569 2367 648 2430; x_wconf 85' lang='lat' dir='ltr'><strong><em>quic·</em></strong></span> <span class='ocrx_word' id='word_1_202' title='bbox 690 2367 795 2417; x_wconf 86' lang='lat' dir='ltr'><strong><em>tantum</em></strong></span> <span class='ocrx_word' id='word_1_203' title='bbox 820 2363 962 2428; x_wconf 88' lang='lat' dir='ltr'><strong><em>scriptoris</em></strong></span> <span class='ocrx_word' id='word_1_204' title='bbox 986 2367 1079 2418; x_wconf 79' lang='lat' dir='ltr'><strong><em>ulnam</em></strong></span> <span class='ocrx_word' id='word_1_205' title='bbox 1098 2370 1211 2422; x_wconf 86' lang='lat' dir='ltr'><strong><em>demon-</em></strong></span> 
     </span>
     <span class='ocr_line' id='line_1_26' title="bbox 126 2433 1210 2502; baseline 0.001 -13"><span class='ocrx_word' id='word_1_206' title='bbox 126 2449 209 2502; x_wconf 87' lang='lat' dir='ltr'><strong><em>quam</em></strong></span> <span class='ocrx_word' id='word_1_207' title='bbox 222 2446 361 2487; x_wconf 87' lang='lat' dir='ltr'><strong><em>commune</em></strong></span> <span class='ocrx_word' id='word_1_208' title='bbox 374 2447 435 2487; x_wconf 90' lang='lat' dir='ltr'><strong><em>cum</em></strong></span> <span class='ocrx_word' id='word_1_209' title='bbox 448 2435 547 2487; x_wconf 81' lang='lat' dir='ltr'><strong><em>Latino</em></strong></span> <span class='ocrx_word' id='word_1_210' title='bbox 564 2435 647 2491; x_wconf 80' lang='lat' dir='ltr'><strong><em>deai-</em></strong></span> <span class='ocrx_word' id='word_1_211' title='bbox 690 2438 764 2489; x_wconf 88' lang='lat' dir='ltr'><strong><em>strat</em></strong></span> <span class='ocrx_word' id='word_1_212' title='bbox 781 2442 811 2486; x_wconf 88' lang='lat' dir='ltr'><strong><em>et</em></strong></span> <span class='ocrx_word' id='word_1_213' title='bbox 825 2436 912 2486; x_wconf 87' lang='lat' dir='ltr'><strong><em>verba</em></strong></span> <span class='ocrx_word' id='word_1_214' title='bbox 923 2437 958 2486; x_wconf 84' lang='lat' dir='ltr'><strong><em>at</em></strong></span> <span class='ocrx_word' id='word_1_215' title='bbox 970 2433 1151 2490; x_wconf 78' lang='lat' dir='ltr'><strong><em>intellectam</em></strong></span> <span class='ocrx_word' id='word_1_216' title='bbox 1164 2441 1210 2491; x_wconf 85' lang='lat' dir='ltr'><strong><em>esi</em></strong></span> 
     </span>
     <span class='ocr_line' id='line_1_27' title="bbox 126 2502 1209 2577; baseline 0.001 -19"><span class='ocrx_word' id='word_1_217' title='bbox 126 2519 185 2573; x_wconf 68' lang='lat' dir='ltr'><strong><em>uae</em></strong></span> <span class='ocrx_word' id='word_1_218' title='bbox 217 2517 280 2556; x_wconf 89' lang='lat' dir='ltr'><strong><em>esse</em></strong></span> <span class='ocrx_word' id='word_1_219' title='bbox 314 2512 435 2577; x_wconf 71' lang='lat' dir='ltr'><strong><em>negaret.</em></strong></span> <span class='ocrx_word' id='word_1_220' title='bbox 482 2505 546 2568; x_wconf 87' lang='lat' dir='ltr'><strong><em>lpse</em></strong></span> <span class='ocrx_word' id='word_1_221' title='bbox 572 2509 598 2557; x_wconf 90' lang='lat' dir='ltr'><strong><em>b.</em></strong></span> <span class='ocrx_word' id='word_1_222' title='bbox 624 2507 645 2558; x_wconf 92' lang='lat' dir='ltr'><strong><em>l.</em></strong></span> <span class='ocrx_word' id='word_1_223' title='bbox 687 2516 742 2555; x_wconf 87' lang='lat' dir='ltr'><strong><em>uon</em></strong></span> <span class='ocrx_word' id='word_1_224' title='bbox 760 2505 849 2556; x_wconf 82' lang='lat' dir='ltr'><strong><em>solunt</em></strong></span> <span class='ocrx_word' id='word_1_225' title='bbox 862 2505 897 2555; x_wconf 89' lang='lat' dir='ltr'><strong><em>ad</em></strong></span> <span class='ocrx_word' id='word_1_226' title='bbox 910 2502 1136 2571; x_wconf 83' lang='lat' dir='ltr'><strong><em>iaitoconsiiio,</em></strong></span> <span class='ocrx_word' id='word_1_227' title='bbox 1159 2511 1209 2559; x_wconf 88' lang='lat' dir='ltr'><strong><em>sed</em></strong></span> 
     </span>
     <span class='ocr_line' id='line_1_28' title="bbox 127 2565 1208 2643; baseline -0.003 -13"><span class='ocrx_word' id='word_1_228' title='bbox 127 2574 259 2643; x_wconf 81' lang='lat' dir='ltr'><strong><em>omnino,</em></strong></span> <span class='ocrx_word' id='word_1_229' title='bbox 287 2565 450 2642; x_wconf 64' lang='lat' dir='ltr'><strong><em>fidelitati,</em></strong></span> <span class='ocrx_word' id='word_1_230' title='bbox 478 2573 645 2639; x_wconf 84' lang='lat' dir='ltr'><strong><em>interpreta-</em></strong></span> <span class='ocrx_word' id='word_1_231' title='bbox 687 2572 771 2624; x_wconf 85' lang='lat' dir='ltr'><strong><em>etiam</em></strong></span> <span class='ocrx_word' id='word_1_232' title='bbox 784 2575 819 2624; x_wconf 89' lang='lat' dir='ltr'><strong><em>ad</em></strong></span> <span class='ocrx_word' id='word_1_233' title='bbox 832 2575 882 2623; x_wconf 89' lang='lat' dir='ltr'><strong><em>boc</em></strong></span> <span class='ocrx_word' id='word_1_234' title='bbox 895 2573 1033 2637; x_wconf 88' lang='lat' dir='ltr'><strong><em>pertinere</em></strong></span> <span class='ocrx_word' id='word_1_235' title='bbox 1045 2577 1134 2628; x_wconf 76' lang='lat' dir='ltr'><strong><em>docet</em></strong></span> <span class='ocrx_word' id='word_1_236' title='bbox 1163 2577 1208 2628; x_wconf 82' lang='lat' dir='ltr'><strong><em>ci.</em></strong></span> 
     </span>
     <span class='ocr_line' id='line_1_29' title="bbox 126 2639 1210 2719; baseline -0.003 -19"><span class='ocrx_word' id='word_1_237' title='bbox 126 2651 218 2714; x_wconf 80' lang='lat' dir='ltr'><strong><em>istm,</em></strong></span> <span class='ocrx_word' id='word_1_238' title='bbox 243 2644 322 2698; x_wconf 88' lang='lat' dir='ltr'><strong><em>cuius</em></strong></span> <span class='ocrx_word' id='word_1_239' title='bbox 339 2645 383 2697; x_wconf 86' lang='lat' dir='ltr'><strong><em>rei</em></strong></span> <span class='ocrx_word' id='word_1_240' title='bbox 401 2659 427 2709; x_wconf 93' lang='lat' dir='ltr'><strong><em>p.</em></strong></span> <span class='ocrx_word' id='word_1_241' title='bbox 447 2645 500 2696; x_wconf 84' lang='grc'><strong><em>267</em></strong></span> <span class='ocrx_word' id='word_1_242' title='bbox 514 2659 556 2709; x_wconf 82' lang='lat' dir='ltr'><strong><em>sp.</em></strong></span> <span class='ocrx_word' id='word_1_243' title='bbox 575 2649 645 2698; x_wconf 85' lang='lat' dir='ltr'><strong><em>bano</em></strong></span> <span class='ocrx_word' id='word_1_244' title='bbox 687 2645 720 2711; x_wconf 96' lang='grc'><strong><em>1,</em></strong></span> <span class='ocrx_word' id='word_1_245' title='bbox 737 2642 775 2695; x_wconf 78' lang='lat'><strong><em>27</em></strong></span> <span class='ocrx_word' id='word_1_246' title='bbox 798 2640 825 2705; x_wconf 78' lang='lat' dir='ltr'><strong><em>s.</em></strong></span> <span class='ocrx_word' id='word_1_247' title='bbox 839 2639 873 2707; x_wconf 84' lang='lat' dir='ltr'><strong><em>i,</em></strong></span> <span class='ocrx_word' id='word_1_248' title='bbox 899 2641 946 2719; x_wconf 81' lang='lat' dir='ltr'><strong><em>ubi</em></strong></span> <span class='ocrx_word' id='word_1_249' title='bbox 962 2643 1028 2694; x_wconf 88' lang='lat' dir='ltr'><strong><em>item</em></strong></span> <span class='ocrx_word' id='word_1_250' title='bbox 1045 2646 1155 2697; x_wconf 91' lang='lat' dir='ltr'><strong><em>consilii</em></strong></span> <span class='ocrx_word' id='word_1_251' title='bbox 1173 2649 1210 2699; x_wconf 91' lang='lat' dir='ltr'><strong><em>ab</em></strong></span> 
     </span>
     <span class='ocr_line' id='line_1_30' title="bbox 124 2709 1210 2780; baseline -0.002 -10"><span class='ocrx_word' id='word_1_252' title='bbox 124 2716 259 2770; x_wconf 72' lang='lat' dir='ltr'><strong><em>rabonem</em></strong></span> <span class='ocrx_word' id='word_1_253' title='bbox 284 2714 389 2780; x_wconf 85' lang='lat' dir='ltr'><strong><em>reddit,</em></strong></span> <span class='ocrx_word' id='word_1_254' title='bbox 418 2715 489 2778; x_wconf 80' lang='lat' dir='ltr'><strong><em>quod</em></strong></span> <span class='ocrx_word' id='word_1_255' title='bbox 509 2722 644 2777; x_wconf 89' lang='lat' dir='ltr'><strong><em>postremo</em></strong></span> <span class='ocrx_word' id='word_1_256' title='bbox 686 2711 808 2762; x_wconf 88' lang='lat' dir='ltr'><strong><em>bostibus</em></strong></span> <span class='ocrx_word' id='word_1_257' title='bbox 821 2709 979 2779; x_wconf 82' lang='lat' dir='ltr'><strong><em>initiratuo,</em></strong></span> <span class='ocrx_word' id='word_1_258' title='bbox 996 2714 1048 2765; x_wconf 89' lang='lat' dir='ltr'><strong><em>sed</em></strong></span> <span class='ocrx_word' id='word_1_259' title='bbox 1061 2717 1210 2769; x_wconf 89' lang='lat' dir='ltr'><strong><em>secundum</em></strong></span> 
     </span>
     <span class='ocr_line' id='line_1_31' title="bbox 67 2779 1208 2848; baseline -0.002 -10"><span class='ocrx_word' id='word_1_260' title='bbox 67 2843 73 2848; x_wconf 57' lang='grc'><strong>,</strong></span> <span class='ocrx_word' id='word_1_261' title='bbox 126 2787 189 2838; x_wconf 87' lang='lat' dir='ltr'><strong><em>loco</em></strong></span> <span class='ocrx_word' id='word_1_262' title='bbox 207 2784 323 2848; x_wconf 88' lang='lat' dir='ltr'><strong><em>positum</em></strong></span> <span class='ocrx_word' id='word_1_263' title='bbox 342 2783 459 2845; x_wconf 87' lang='lat' dir='ltr'><strong><em>amplius</em></strong></span> <span class='ocrx_word' id='word_1_264' title='bbox 476 2783 513 2835; x_wconf 87' lang='lat' dir='ltr'><strong><em>sit</em></strong></span> <span class='ocrx_word' id='word_1_265' title='bbox 533 2792 562 2835; x_wconf 91' lang='lat' dir='ltr'><strong><em>et</em></strong></span> <span class='ocrx_word' id='word_1_266' title='bbox 579 2792 644 2834; x_wconf 90' lang='lat' dir='ltr'><strong><em>ante</em></strong></span> <span class='ocrx_word' id='word_1_267' title='bbox 686 2779 868 2832; x_wconf 84' lang='lat' dir='ltr'><strong><em>coniecturam</em></strong></span> <span class='ocrx_word' id='word_1_268' title='bbox 887 2780 1000 2846; x_wconf 83' lang='lat' dir='ltr'><strong><em>ideoque</em></strong></span> <span class='ocrx_word' id='word_1_269' title='bbox 1021 2796 1072 2847; x_wconf 90' lang='lat' dir='ltr'><strong><em>per</em></strong></span> <span class='ocrx_word' id='word_1_270' title='bbox 1092 2786 1208 2836; x_wconf 84' lang='lat' dir='ltr'><strong><em>coniun-</em></strong></span> 
     </span>
     <span class='ocr_line' id='line_1_32' title="bbox 127 2849 933 2906; baseline -0.01 0"><span class='ocrx_word' id='word_1_271' title='bbox 127 2855 230 2906; x_wconf 86' lang='lat' dir='ltr'><strong><em>diatum</em></strong></span> <span class='ocrx_word' id='word_1_272' title='bbox 249 2852 331 2905; x_wconf 88' lang='lat' dir='ltr'><strong><em>simul</em></strong></span> <span class='ocrx_word' id='word_1_273' title='bbox 348 2854 523 2905; x_wconf 80' lang='lat' dir='ltr'><strong><em>contineater</em></strong></span> <span class='ocrx_word' id='word_1_274' title='bbox 543 2853 647 2905; x_wconf 91' lang='lat' dir='ltr'><strong><em>arctio-</em></strong></span> <span class='ocrx_word' id='word_1_275' title='bbox 688 2849 791 2902; x_wconf 88' lang='lat' dir='ltr'><strong><em>ctivum</em></strong></span> <span class='ocrx_word' id='word_1_276' title='bbox 802 2849 933 2900; x_wconf 85' lang='lat' dir='ltr'><strong><em>redditur.</em></strong></span> 
     </span>
    </p>

    <p class='ocr_par' dir='ltr' id='par_1_8' title="bbox 122 2917 1208 4171">
     <span class='ocr_line' id='line_1_33' title="bbox 126 2917 1208 2986; baseline -0.001 -11"><span class='ocrx_word' id='word_1_277' title='bbox 126 2938 186 2979; x_wconf 89' lang='lat' dir='ltr'><strong><em>rem</em></strong></span> <span class='ocrx_word' id='word_1_278' title='bbox 198 2923 332 2976; x_wconf 88' lang='lat' dir='ltr'><strong><em>notionem</em></strong></span> <span class='ocrx_word' id='word_1_279' title='bbox 343 2924 448 2979; x_wconf 83' lang='lat' dir='ltr'><strong><em>dilatet.</em></strong></span> <span class='ocrx_word' id='word_1_280' title='bbox 468 2922 500 2972; x_wconf 92' lang='lat' dir='ltr'><strong><em>ld</em></strong></span> <span class='ocrx_word' id='word_1_281' title='bbox 512 2933 580 2973; x_wconf 89' lang='lat' dir='ltr'><strong><em>vero</em></strong></span> <span class='ocrx_word' id='word_1_282' title='bbox 592 2934 647 2975; x_wconf 88' lang='lat' dir='ltr'><strong><em>uon</em></strong></span> <span class='ocrx_word' id='word_1_283' title='bbox 725 2917 826 2979; x_wconf 73' lang='lat' dir='ltr'><strong><em>¹scistis</em></strong></span> <span class='ocrx_word' id='word_1_284' title='bbox 846 2940 881 2954; x_wconf 91' lang='lat'>-</span> <span class='ocrx_word' id='word_1_285' title='bbox 899 2918 1046 2973; x_wconf 84' lang='lat' dir='ltr'><strong><em>viminibus</em></strong></span> <span class='ocrx_word' id='word_1_286' title='bbox 1078 2919 1208 2986; x_wconf 86' lang='lat' dir='ltr'><strong><em>intextis]</em></strong></span> 
     </span>
     <span class='ocr_line' id='line_1_34' title="bbox 128 2986 1208 3059; baseline 0.001 -16"><span class='ocrx_word' id='word_1_287' title='bbox 128 3002 172 3044; x_wconf 86' lang='lat' dir='ltr'><strong><em>est</em></strong></span> <span class='ocrx_word' id='word_1_288' title='bbox 198 2993 337 3056; x_wconf 88' lang='lat' dir='ltr'><strong><em>proprium</em></strong></span> <span class='ocrx_word' id='word_1_289' title='bbox 363 2989 492 3056; x_wconf 84' lang='lat' dir='ltr'><strong><em>postremi</em></strong></span> <span class='ocrx_word' id='word_1_290' title='bbox 517 2990 587 3056; x_wconf 92' lang='lat' dir='ltr'><strong><em>loci,</em></strong></span> <span class='ocrx_word' id='word_1_291' title='bbox 618 2999 646 3042; x_wconf 87' lang='lat' dir='ltr'><strong><em>et</em></strong></span> <span class='ocrx_word' id='word_1_292' title='bbox 686 2986 1071 3045; x_wconf 71' lang='lat' dir='ltr'><strong><em>Soataoimiat&#39;basiateala</em></strong></span> <span class='ocrx_word' id='word_1_293' title='bbox 1086 2999 1208 3059; x_wconf 83' lang='lat' dir='ltr'><strong><em>easuut,</em></strong></span> 
     </span>
     <span class='ocr_line' id='line_1_35' title="bbox 127 3057 1208 3127; baseline -0.004 -13"><span class='ocrx_word' id='word_1_294' title='bbox 127 3062 294 3114; x_wconf 86' lang='lat' dir='ltr'><strong><em>contrariam</em></strong></span> <span class='ocrx_word' id='word_1_295' title='bbox 313 3074 398 3124; x_wconf 86' lang='lat' dir='ltr'><strong><em>saepe</em></strong></span> <span class='ocrx_word' id='word_1_296' title='bbox 415 3061 548 3113; x_wconf 88' lang='lat' dir='ltr'><strong><em>rationem</em></strong></span> <span class='ocrx_word' id='word_1_297' title='bbox 572 3060 646 3112; x_wconf 92' lang='lat' dir='ltr'><strong><em>obti-</em></strong></span> <span class='ocrx_word' id='word_1_298' title='bbox 687 3070 757 3120; x_wconf 80' lang='lat' dir='ltr'><strong><em>quae</em></strong></span> <span class='ocrx_word' id='word_1_299' title='bbox 770 3057 916 3108; x_wconf 86' lang='lat' dir='ltr'><strong><em>viminibus</em></strong></span> <span class='ocrx_word' id='word_1_300' title='bbox 934 3057 1046 3113; x_wconf 78' lang='lat' dir='ltr'><strong><em>intextis</em></strong></span> <span class='ocrx_word' id='word_1_301' title='bbox 1063 3060 1208 3127; x_wconf 84' lang='lat' dir='ltr'><strong><em>alteroque</em></strong></span> 
     </span>
     <span class='ocr_line' id='line_1_36' title="bbox 125 3125 1208 3194; baseline -0.007 -12"><span class='ocrx_word' id='word_1_302' title='bbox 125 3144 192 3184; x_wconf 85' lang='lat' dir='ltr'><strong><em>uere</em></strong></span> <span class='ocrx_word' id='word_1_303' title='bbox 206 3130 266 3192; x_wconf 87' lang='lat' dir='ltr'><strong><em>ipse</em></strong></span> <span class='ocrx_word' id='word_1_304' title='bbox 280 3145 305 3194; x_wconf 89' lang='lat' dir='ltr'><strong><em>p.</em></strong></span> <span class='ocrx_word' id='word_1_305' title='bbox 318 3130 380 3194; x_wconf 85' lang='grc'><strong>268,</strong></span> <span class='ocrx_word' id='word_1_306' title='bbox 394 3132 411 3181; x_wconf 84' lang='grc'><strong>6</strong></span> <span class='ocrx_word' id='word_1_307' title='bbox 428 3132 516 3181; x_wconf 88' lang='lat' dir='ltr'><strong><em>docet.</em></strong></span> <span class='ocrx_word' id='word_1_308' title='bbox 549 3130 645 3192; x_wconf 80' lang='lat' dir='ltr'><strong><em>Neque</em></strong></span> <span class='ocrx_word' id='word_1_309' title='bbox 687 3125 768 3178; x_wconf 83' lang='lat' dir='ltr'><strong><em>alteri</em></strong></span> <span class='ocrx_word' id='word_1_310' title='bbox 780 3125 918 3188; x_wconf 88' lang='lat' dir='ltr'><strong><em>implicitis</em></strong></span> <span class='ocrx_word' id='word_1_311' title='bbox 931 3134 1066 3183; x_wconf 81' lang='lat' dir='ltr'><strong><em>coustant.</em></strong></span> <span class='ocrx_word' id='word_1_312' title='bbox 1088 3131 1135 3179; x_wconf 83' lang='lat' dir='ltr'><strong><em>Sic</em></strong></span> <span class='ocrx_word' id='word_1_313' title='bbox 1148 3133 1208 3185; x_wconf 81' lang='lat' dir='ltr'><strong><em>Lu.</em></strong></span> 
     </span>
     <span class='ocr_line' id='line_1_37' title="bbox 125 3193 1208 3266; baseline 0.003 -17"><span class='ocrx_word' id='word_1_314' title='bbox 125 3199 325 3266; x_wconf 72' lang='lat' dir='ltr'><strong><em>tetdilipeatias</em></strong></span> <span class='ocrx_word' id='word_1_315' title='bbox 350 3211 474 3252; x_wconf 81' lang='lat' dir='ltr'><strong><em>servare</em></strong></span> <span class='ocrx_word' id='word_1_316' title='bbox 495 3198 645 3263; x_wconf 82' lang='lat' dir='ltr'><strong><em>praesidia</em></strong></span> <span class='ocrx_word' id='word_1_317' title='bbox 687 3195 749 3247; x_wconf 87' lang='lat' dir='ltr'><strong><em>cani</em></strong></span> <span class='ocrx_word' id='word_1_318' title='bbox 761 3193 793 3257; x_wconf 83' lang='lat'><strong><em>⁵,</em></strong></span> <span class='ocrx_word' id='word_1_319' title='bbox 811 3197 864 3248; x_wconf 75' lang='lat'><strong><em>517</em></strong></span> <span class='ocrx_word' id='word_1_320' title='bbox 886 3196 980 3247; x_wconf 87' lang='lat' dir='ltr'><strong><em>domus</em></strong></span> <span class='ocrx_word' id='word_1_321' title='bbox 1000 3210 1059 3249; x_wconf 83' lang='lat' dir='ltr'><strong><em>noo</em></strong></span> <span class='ocrx_word' id='word_1_322' title='bbox 1079 3200 1139 3249; x_wconf 82' lang='lat' dir='ltr'><strong><em>ailo</em></strong></span> <span class='ocrx_word' id='word_1_323' title='bbox 1153 3214 1208 3252; x_wconf 80' lang='lat' dir='ltr'><strong><em>ro-</em></strong></span> 
     </span>
     <span class='ocr_line' id='line_1_38' title="bbox 125 3264 1206 3331; baseline -0.002 -8"><span class='ocrx_word' id='word_1_324' title='bbox 125 3267 644 3323; x_wconf 84' lang='lat' dir='ltr'><strong><em>tladuotionemeorumsimulaouiinet.</em></strong></span> <span class='ocrx_word' id='word_1_325' title='bbox 686 3264 755 3318; x_wconf 83' lang='lat' dir='ltr'><strong><em>bore</em></strong></span> <span class='ocrx_word' id='word_1_326' title='bbox 778 3265 876 3331; x_wconf 70' lang='lat' dir='ltr'><strong><em>ralla,</em></strong></span> <span class='ocrx_word' id='word_1_327' title='bbox 902 3267 960 3318; x_wconf 75' lang='lat' dir='ltr'><strong><em>Sed</em></strong></span> <span class='ocrx_word' id='word_1_328' title='bbox 990 3267 1089 3321; x_wconf 84' lang='lat' dir='ltr'><strong><em>sterili</em></strong></span> <span class='ocrx_word' id='word_1_329' title='bbox 1107 3268 1206 3321; x_wconf 78' lang='lat' dir='ltr'><strong><em>&#39;irtaco</em></strong></span> 
     </span>
     <span class='ocr_line' id='line_1_39' title="bbox 126 3333 1208 3405; baseline 0.002 -15"><span class='ocrx_word' id='word_1_330' title='bbox 126 3341 294 3402; x_wconf 70' lang='lat' dir='ltr'><strong><em>Quamquam</em></strong></span> <span class='ocrx_word' id='word_1_331' title='bbox 307 3346 370 3389; x_wconf 89' lang='lat' dir='ltr'><strong><em>sunt</em></strong></span> <span class='ocrx_word' id='word_1_332' title='bbox 383 3339 429 3402; x_wconf 87' lang='lat' dir='ltr'><strong><em>qui</em></strong></span> <span class='ocrx_word' id='word_1_333' title='bbox 447 3349 572 3396; x_wconf 82' lang='lat' dir='ltr'><strong><em>screare</em></strong></span> <span class='ocrx_word' id='word_1_334' title='bbox 590 3349 644 3388; x_wconf 89' lang='lat' dir='ltr'><strong><em>uon</em></strong></span> <span class='ocrx_word' id='word_1_335' title='bbox 685 3347 835 3400; x_wconf 84' lang='lat' dir='ltr'><strong><em>caaoaqae</em></strong></span> <span class='ocrx_word' id='word_1_336' title='bbox 857 3333 976 3389; x_wconf 79' lang='lat' dir='ltr'><strong><em>intecta</em></strong></span> <span class='ocrx_word' id='word_1_337' title='bbox 997 3337 1145 3405; x_wconf 74' lang='lat' dir='ltr'><strong><em>palustri,</em></strong></span> <span class='ocrx_word' id='word_1_338' title='bbox 1178 3345 1208 3392; x_wconf 90' lang='lat' dir='ltr'><strong><em>et</em></strong></span> 
     </span>
     <span class='ocr_line' id='line_1_40' title="bbox 126 3404 1207 3476; baseline -0.002 -14"><span class='ocrx_word' id='word_1_339' title='bbox 126 3407 460 3473; x_wconf 58' lang='lat' dir='ltr'><strong><em>supersedentem,</em></strong></span> <span class='ocrx_word' id='word_1_340' title='bbox 487 3409 534 3457; x_wconf 88' lang='lat' dir='ltr'><strong><em>sed</em></strong></span> <span class='ocrx_word' id='word_1_341' title='bbox 555 3407 644 3458; x_wconf 83' lang='lat' dir='ltr'><strong><em>solutu</em></strong></span> <span class='ocrx_word' id='word_1_342' title='bbox 686 3415 755 3468; x_wconf 83' lang='lat' dir='ltr'><strong><em>quae</em></strong></span> <span class='ocrx_word' id='word_1_343' title='bbox 767 3404 840 3454; x_wconf 87' lang='lat' dir='ltr'><strong><em>inira</em></strong></span> <span class='ocrx_word' id='word_1_344' title='bbox 853 3406 888 3470; x_wconf 78' lang='lat'><strong><em>3,</em></strong></span> <span class='ocrx_word' id='word_1_345' title='bbox 906 3406 940 3456; x_wconf 82' lang='grc'><strong><em>13</em></strong></span> <span class='ocrx_word' id='word_1_346' title='bbox 954 3417 1045 3476; x_wconf 79' lang='lat' dir='ltr'><strong><em>naves</em></strong></span> <span class='ocrx_word' id='word_1_347' title='bbox 1057 3408 1139 3459; x_wconf 87' lang='lat' dir='ltr'><strong><em>lotae</em></strong></span> <span class='ocrx_word' id='word_1_348' title='bbox 1154 3411 1207 3475; x_wconf 78' lang='lat' dir='ltr'><strong><em>fa-</em></strong></span> 
     </span>
     <span class='ocr_line' id='line_1_41' title="bbox 125 3473 1206 3542; baseline 0 -16"><span class='ocrx_word' id='word_1_349' title='bbox 125 3490 176 3542; x_wconf 91' lang='lat' dir='ltr'><strong><em>per</em></strong></span> <span class='ocrx_word' id='word_1_350' title='bbox 188 3490 219 3526; x_wconf 89' lang='lat' dir='ltr'><strong><em>se</em></strong></span> <span class='ocrx_word' id='word_1_351' title='bbox 231 3479 347 3541; x_wconf 89' lang='lat' dir='ltr'><strong><em>positum</em></strong></span> <span class='ocrx_word' id='word_1_352' title='bbox 359 3477 512 3526; x_wconf 85' lang='lat' dir='ltr'><strong><em>existiment</em></strong></span> <span class='ocrx_word' id='word_1_353' title='bbox 525 3489 574 3538; x_wconf 92' lang='lat' dir='ltr'><strong><em>pro</em></strong></span> <span class='ocrx_word' id='word_1_354' title='bbox 590 3488 644 3526; x_wconf 87' lang='lat' dir='ltr'><strong><em>ea-</em></strong></span> <span class='ocrx_word' id='word_1_355' title='bbox 685 3476 750 3526; x_wconf 81' lang='lat' dir='ltr'><strong><em>ctae</em></strong></span> <span class='ocrx_word' id='word_1_356' title='bbox 762 3487 800 3525; x_wconf 78' lang='lat' dir='ltr'><strong><em>aa</em></strong></span> <span class='ocrx_word' id='word_1_357' title='bbox 813 3473 934 3541; x_wconf 83' lang='lat' dir='ltr'><strong><em>robore,</em></strong></span> <span class='ocrx_word' id='word_1_358' title='bbox 957 3475 1069 3528; x_wconf 88' lang='lat' dir='ltr'><strong><em>eaedem</em></strong></span> <span class='ocrx_word' id='word_1_359' title='bbox 1082 3477 1118 3526; x_wconf 89' lang='lat' dir='ltr'><strong><em>ab</em></strong></span> <span class='ocrx_word' id='word_1_360' title='bbox 1133 3478 1206 3532; x_wconf 82' lang='lat' dir='ltr'><strong><em>(lno-</em></strong></span> 
     </span>
     <span class='ocr_line' id='line_1_42' title="bbox 124 3542 1206 3615; baseline 0.002 -17"><span class='ocrx_word' id='word_1_361' title='bbox 124 3547 256 3615; x_wconf 87' lang='lat' dir='ltr'><strong><em>stodire,</em></strong></span> <span class='ocrx_word' id='word_1_362' title='bbox 273 3559 326 3609; x_wconf 81' lang='lat' dir='ltr'><strong><em>qua</em></strong></span> <span class='ocrx_word' id='word_1_363' title='bbox 339 3544 535 3609; x_wconf 77' lang='lat' dir='ltr'><strong><em>significatione</em></strong></span> <span class='ocrx_word' id='word_1_364' title='bbox 547 3545 643 3595; x_wconf 88' lang='lat' dir='ltr'><strong><em>comici</em></strong></span> <span class='ocrx_word' id='word_1_365' title='bbox 684 3544 772 3608; x_wconf 78' lang='lat' dir='ltr'><strong><em>slot,</em></strong></span> <span class='ocrx_word' id='word_1_366' title='bbox 790 3543 808 3594; x_wconf 86' lang='lat'>8</span> <span class='ocrx_word' id='word_1_367' title='bbox 831 3542 924 3595; x_wconf 83' lang='lat' dir='ltr'><strong><em>solido</em></strong></span> <span class='ocrx_word' id='word_1_368' title='bbox 944 3543 1049 3607; x_wconf 66' lang='lat' dir='ltr'><strong><em>robore</em></strong></span> <span class='ocrx_word' id='word_1_369' title='bbox 1069 3544 1206 3601; x_wconf 74' lang='lat' dir='ltr'><strong><em>intectae</em></strong></span> 
     </span>
     <span class='ocr_line' id='line_1_43' title="bbox 124 3613 1206 3685; baseline 0 -19"><span class='ocrx_word' id='word_1_370' title='bbox 124 3616 223 3685; x_wconf 77' lang='lat' dir='ltr'><strong><em>intas,</em></strong></span> <span class='ocrx_word' id='word_1_371' title='bbox 245 3617 336 3682; x_wconf 88' lang='lat' dir='ltr'><strong><em>domi,</em></strong></span> <span class='ocrx_word' id='word_1_372' title='bbox 352 3616 430 3680; x_wconf 75' lang='lat' dir='ltr'><strong><em>apud</em></strong></span> <span class='ocrx_word' id='word_1_373' title='bbox 441 3615 642 3679; x_wconf 74' lang='lat' dir='ltr'><strong><em>aliqaemser-</em></strong></span> <span class='ocrx_word' id='word_1_374' title='bbox 684 3613 824 3677; x_wconf 68' lang='lat' dir='ltr'><strong><em>dcuntur,</em></strong></span> <span class='ocrx_word' id='word_1_375' title='bbox 855 3614 883 3661; x_wconf 92' lang='lat' dir='ltr'><strong><em>et</em></strong></span> <span class='ocrx_word' id='word_1_376' title='bbox 902 3613 1111 3676; x_wconf 79' lang='lat' dir='ltr'><strong><em>apud&#39;Plinium</em></strong></span> <span class='ocrx_word' id='word_1_377' title='bbox 1130 3618 1206 3670; x_wconf 85' lang='lat' dir='ltr'><strong><em>ilist.</em></strong></span> 
     </span>
     <span class='ocr_line' id='line_1_44' title="bbox 125 3678 1207 3748; baseline 0.001 -12"><span class='ocrx_word' id='word_1_378' title='bbox 125 3697 199 3745; x_wconf 78' lang='lat' dir='ltr'><strong><em>aare</em></strong></span> <span class='ocrx_word' id='word_1_379' title='bbox 214 3687 355 3748; x_wconf 83' lang='lat' dir='ltr'><strong><em>usurpant,</em></strong></span> <span class='ocrx_word' id='word_1_380' title='bbox 368 3687 442 3747; x_wconf 74' lang='lat' dir='ltr'><strong><em>puori</em></strong></span> <span class='ocrx_word' id='word_1_381' title='bbox 454 3696 552 3735; x_wconf 88' lang='lat' dir='ltr'><strong><em>vereor</em></strong></span> <span class='ocrx_word' id='word_1_382' title='bbox 563 3692 594 3734; x_wconf 91' lang='lat' dir='ltr'><strong><em>ut</em></strong></span> <span class='ocrx_word' id='word_1_383' title='bbox 607 3686 642 3735; x_wconf 91' lang='lat' dir='ltr'><strong><em>da</em></strong></span> <span class='ocrx_word' id='word_1_384' title='bbox 685 3685 742 3735; x_wconf 87' lang='lat' dir='ltr'><strong><em>nat.</em></strong></span> <span class='ocrx_word' id='word_1_385' title='bbox 757 3683 792 3732; x_wconf 86' lang='lat'><strong><em>10</em></strong></span> <span class='ocrx_word' id='word_1_386' title='bbox 807 3680 834 3741; x_wconf 78' lang='lat' dir='ltr'><strong><em>S.</em></strong></span> <span class='ocrx_word' id='word_1_387' title='bbox 848 3678 884 3731; x_wconf 83' lang='lat' dir='ltr'><strong><em>to</em></strong></span> <span class='ocrx_word' id='word_1_388' title='bbox 901 3685 1070 3745; x_wconf 80' lang='lat' dir='ltr'><strong><em>acanthyllis</em></strong></span> <span class='ocrx_word' id='word_1_389' title='bbox 1082 3685 1148 3738; x_wconf 83' lang='lat' dir='ltr'><strong><em>avis</em></strong></span> <span class='ocrx_word' id='word_1_390' title='bbox 1161 3691 1207 3737; x_wconf 86' lang='lat' dir='ltr'><strong><em>est</em></strong></span> 
     </span>
     <span class='ocr_line' id='line_1_45' title="bbox 124 3750 1206 3816; baseline -0.001 -10"><span class='ocrx_word' id='word_1_391' title='bbox 124 3754 256 3806; x_wconf 85' lang='lat' dir='ltr'><strong><em>militibus</em></strong></span> <span class='ocrx_word' id='word_1_392' title='bbox 273 3753 398 3816; x_wconf 89' lang='lat' dir='ltr'><strong><em>oppidum</em></strong></span> <span class='ocrx_word' id='word_1_393' title='bbox 419 3753 643 3805; x_wconf 64' lang='lat' dir='ltr'><strong><em>circumsedentis</em></strong></span> <span class='ocrx_word' id='word_1_394' title='bbox 683 3750 776 3802; x_wconf 80' lang='lat' dir='ltr'><strong><em>uitium</em></strong></span> <span class='ocrx_word' id='word_1_395' title='bbox 793 3763 830 3802; x_wconf 82' lang='lat' dir='ltr'><strong><em>ea</em></strong></span> <span class='ocrx_word' id='word_1_396' title='bbox 847 3750 907 3803; x_wconf 82' lang='lat' dir='ltr'><strong><em>lino</em></strong></span> <span class='ocrx_word' id='word_1_397' title='bbox 918 3751 1066 3805; x_wconf 77' lang='lat' dir='ltr'><strong><em>intensas.</em></strong></span> <span class='ocrx_word' id='word_1_398' title='bbox 1102 3756 1206 3814; x_wconf 77' lang='lat' dir='ltr'><strong><em>Quodsi</em></strong></span> 
     </span>
     <span class='ocr_line' id='line_1_46' title="bbox 125 3820 1205 3886; baseline 0.003 -12"><span class='ocrx_word' id='word_1_399' title='bbox 125 3824 178 3874; x_wconf 89' lang='lat' dir='ltr'><strong><em>bus</em></strong></span> <span class='ocrx_word' id='word_1_400' title='bbox 190 3825 245 3875; x_wconf 91' lang='lat' dir='ltr'><strong><em>dici</em></strong></span> <span class='ocrx_word' id='word_1_401' title='bbox 256 3824 372 3875; x_wconf 87' lang='lat' dir='ltr'><strong><em>licuerit.</em></strong></span> <span class='ocrx_word' id='word_1_402' title='bbox 405 3824 458 3873; x_wconf 76' lang='lat' dir='ltr'><strong><em>Sed</em></strong></span> <span class='ocrx_word' id='word_1_403' title='bbox 470 3825 643 3885; x_wconf 85' lang='lat' dir='ltr'><strong><em>quemadmo-</em></strong></span> <span class='ocrx_word' id='word_1_404' title='bbox 684 3821 719 3874; x_wconf 86' lang='lat' dir='ltr'><strong><em>de</em></strong></span> <span class='ocrx_word' id='word_1_405' title='bbox 740 3820 932 3880; x_wconf 88' lang='lat' dir='ltr'><strong><em>compositione</em></strong></span> <span class='ocrx_word' id='word_1_406' title='bbox 947 3822 1054 3886; x_wconf 84' lang='lat' dir='ltr'><strong><em>magis,</em></strong></span> <span class='ocrx_word' id='word_1_407' title='bbox 1076 3827 1205 3886; x_wconf 83' lang='lat' dir='ltr'><strong><em>quamde</em></strong></span> 
     </span>
     <span class='ocr_line' id='line_1_47' title="bbox 124 3888 1205 3957; baseline -0.003 -13"><span class='ocrx_word' id='word_1_408' title='bbox 124 3895 187 3946; x_wconf 89' lang='lat' dir='ltr'><strong><em>dum</em></strong></span> <span class='ocrx_word' id='word_1_409' title='bbox 199 3894 316 3947; x_wconf 80' lang='lat' dir='ltr'><strong><em>ordines</em></strong></span> <span class='ocrx_word' id='word_1_410' title='bbox 328 3904 452 3945; x_wconf 82' lang='lat' dir='ltr'><strong><em>servare</em></strong></span> <span class='ocrx_word' id='word_1_411' title='bbox 464 3892 642 3957; x_wconf 85' lang='lat' dir='ltr'><strong><em>dicunturqui</em></strong></span> <span class='ocrx_word' id='word_1_412' title='bbox 683 3888 866 3951; x_wconf 87' lang='lat' dir='ltr'><strong><em>implicatione</em></strong></span> <span class='ocrx_word' id='word_1_413' title='bbox 880 3889 1045 3956; x_wconf 80' lang='lat' dir='ltr'><strong><em>cogitasset,</em></strong></span> <span class='ocrx_word' id='word_1_414' title='bbox 1062 3896 1205 3947; x_wconf 75' lang='lat' dir='ltr'><strong><em>contemta</em></strong></span> 
     </span>
     <span class='ocr_line' id='line_1_48' title="bbox 123 3958 1203 4027; baseline -0.001 -13"><span class='ocrx_word' id='word_1_415' title='bbox 123 3964 213 4014; x_wconf 88' lang='lat' dir='ltr'><strong><em>locum</em></strong></span> <span class='ocrx_word' id='word_1_416' title='bbox 226 3963 254 4013; x_wconf 93' lang='lat' dir='ltr'><strong><em>iu</em></strong></span> <span class='ocrx_word' id='word_1_417' title='bbox 267 3963 325 4013; x_wconf 90' lang='lat' dir='ltr'><strong><em>acie</em></strong></span> <span class='ocrx_word' id='word_1_418' title='bbox 338 3963 642 4024; x_wconf 84' lang='lat' dir='ltr'><strong><em>suumquisquetenen-</em></strong></span> <span class='ocrx_word' id='word_1_419' title='bbox 684 3958 830 4009; x_wconf 87' lang='lat' dir='ltr'><strong><em>viminibus</em></strong></span> <span class='ocrx_word' id='word_1_420' title='bbox 847 3967 940 4024; x_wconf 91' lang='lat' dir='ltr'><strong><em>scuta,</em></strong></span> <span class='ocrx_word' id='word_1_421' title='bbox 962 3969 993 4011; x_wconf 92' lang='lat' dir='ltr'><strong><em>ut</em></strong></span> <span class='ocrx_word' id='word_1_422' title='bbox 1007 3963 1040 4027; x_wconf 74' lang='lat' dir='ltr'><strong><em>b,</em></strong></span> <span class='ocrx_word' id='word_1_423' title='bbox 1058 3963 1093 4011; x_wconf 86' lang='grc'><strong><em>16</em></strong></span> <span class='ocrx_word' id='word_1_424' title='bbox 1115 3965 1203 4014; x_wconf 89' lang='lat' dir='ltr'><strong><em>simu-</em></strong></span> 
     </span>
     <span class='ocr_line' id='line_1_49' title="bbox 123 4029 1203 4096; baseline 0.001 -15"><span class='ocrx_word' id='word_1_425' title='bbox 123 4039 167 4083; x_wconf 84' lang='lat' dir='ltr'><strong><em>tes</em></strong></span> <span class='ocrx_word' id='word_1_426' title='bbox 177 4032 293 4096; x_wconf 87' lang='lat' dir='ltr'><strong><em>iaciunt,</em></strong></span> <span class='ocrx_word' id='word_1_427' title='bbox 310 4033 339 4080; x_wconf 87' lang='lat' dir='ltr'><strong><em>ut</em></strong></span> <span class='ocrx_word' id='word_1_428' title='bbox 351 4031 460 4080; x_wconf 85' lang='lat' dir='ltr'><strong><em>ordines</em></strong></span> <span class='ocrx_word' id='word_1_429' title='bbox 472 4031 572 4093; x_wconf 84' lang='lat' dir='ltr'><strong><em>integri</em></strong></span> <span class='ocrx_word' id='word_1_430' title='bbox 579 4043 640 4081; x_wconf 88' lang='lat' dir='ltr'><strong><em>ma·</em></strong></span> <span class='ocrx_word' id='word_1_431' title='bbox 683 4029 819 4079; x_wconf 84' lang='lat' dir='ltr'><strong><em>lucrorum</em></strong></span> <span class='ocrx_word' id='word_1_432' title='bbox 829 4032 994 4090; x_wconf 83' lang='lat' dir='ltr'><strong><em>quorundam</em></strong></span> <span class='ocrx_word' id='word_1_433' title='bbox 1005 4031 1148 4087; x_wconf 77' lang='lat' dir='ltr'><strong><em>contemta</em></strong></span> <span class='ocrx_word' id='word_1_434' title='bbox 1156 4033 1203 4086; x_wconf 85' lang='lat' dir='ltr'><strong><em>ci-</em></strong></span> 
     </span>
     <span class='ocr_line' id='line_1_50' title="bbox 122 4097 1097 4171; baseline 0.001 -19"><span class='ocrx_word' id='word_1_435' title='bbox 122 4109 221 4171; x_wconf 88' lang='lat' dir='ltr'><strong><em>neant,</em></strong></span> <span class='ocrx_word' id='word_1_436' title='bbox 241 4101 281 4153; x_wconf 88' lang='lat' dir='ltr'><strong><em>ita</em></strong></span> <span class='ocrx_word' id='word_1_437' title='bbox 300 4099 452 4164; x_wconf 81' lang='lat' dir='ltr'><strong><em>praesidia</em></strong></span> <span class='ocrx_word' id='word_1_438' title='bbox 468 4111 590 4155; x_wconf 81' lang='lat' dir='ltr'><strong><em>screare</em></strong></span> <span class='ocrx_word' id='word_1_439' title='bbox 610 4099 640 4170; x_wconf 91' lang='lat' dir='ltr'><strong><em>ii,</em></strong></span> <span class='ocrx_word' id='word_1_440' title='bbox 683 4097 803 4155; x_wconf 75' lang='lat' dir='ltr'><strong><em>mitibus</em></strong></span> <span class='ocrx_word' id='word_1_441' title='bbox 816 4099 958 4168; x_wconf 80' lang='lat' dir='ltr'><strong><em>membra,</em></strong></span> <span class='ocrx_word' id='word_1_442' title='bbox 974 4100 1097 4153; x_wconf 81' lang='lat' dir='ltr'><strong><em>dixisset.</em></strong></span> 
     </span>
    </p>
   </div>
   <div class='ocr_carea' id='block_1_7' title="bbox 0 0 1290 4688">
    <p class='ocr_par' dir='ltr' id='par_1_9' title="bbox 0 0 1290 4688">
     <span class='ocr_line' id='line_1_51' title="bbox 0 0 1290 4688; baseline 0 5"><span class='ocrx_word' id='word_1_443' title='bbox 0 0 1290 4688; x_wconf 95' lang='lat' dir='ltr'><strong><em> </em></strong></span> 
     </span>
    </p>
   </div>
  </div>
 </body>
</html>
