2572 4688
237 236 241 245 '
333 351 337 358 ι
434 236 938 319 mittin-mito,
1120 247 1186 317 231
1254 301 1257 307 .

94 423 333 583 ΣιοιῪοΙιιὶὶ,
357 396 448 516 qnod
466 448 529 518 per
548 446 606 497 eos
619 451 704 536 sues
715 452 754 499 se
770 427 925 511 obs‘des,
954 451 1039 519 qnos
1054 429 1182 502 Crasso
1234 472 1237 480 ·

120 514 294 602 odissent,
321 525 581 605 recuperaturos
604 518 855 589 existimeben.
918 516 1050 588 Horum
1066 527 1181 590 auoto-
1203 527 1223 588 8

131 691 186 746 Gn.
213 693 298 749 Boon.
318 691 402 746 Vini.
426 695 485 746 AD.
508 696 587 747 Rom.
606 708 634 749 e.
657 696 731 749 Meti.
754 707 781 746 a.
803 697 866 747 Ain.
900 695 986 759 spitii
1003 695 1031 747 in
1049 698 1130 749 Vrat.
1148 697 1178 749 c.

128 761 196 814 soti
213 760 242 813 in
258 764 342 816 Vinii.
360 762 390 813 G.
409 758 480 816 ven.
499 767 520 816 i·
550 762 649 833 fiiiiin
666 765 763 818 llamb.
787 765 869 824 (Outi
887 766 914 816 ir.
930 766 951 815 1.
970 773 1061 834 tecet,
1083 769 1132 818 sed
1150 767 1180 817 in

128 830 185 881 tine
210 832 309 893 eap·7
334 831 419 884 Sittio
443 834 548 897 „tiss
565 831 724 896 ιιΙιιιίιιιοειι
748 835 875 885 exhibere
893 841 1024 899 testatur,
1048 849 1100 899 quo
1117 837 1178 888 ioco

127 912 174 949 ex.
191 900 276 950 liabr.
292 902 376 952 Voss.
394 904 428 953 A.
445 905 517 954 Lov.
535 906 563 954 et
579 916 641 954 cnm
659 903 742 955 cono.
761 903 820 953 Pet
837 903 897 954 eins
915 903 1068 964 scripturae
1081 908 1178 957 ancto-

127 970 278 1036 nescitae,
302 971 400 1032 unitus
416 971 501 1034 Bonis.
518 975 552 1023 A.
571 974 670 1024 iismb.
688 972 771 1024 vind.
787 971 870 1023 Aci).
887 973 1041 1024 comum.
1059 985 1086 1025 a.
1105 975 1176 1025 ven.

127 1038 150 1091 f.
166 1039 232 1089 Ain.
248 1042 388 1093 accedunt.
413 1041 447 1091 ln
464 1041 725 1095 &commolierunt
741 1041 753 1092 i
770 1053 788 1092 ιι
803 1055 838 1092 m.
853 1041 1025 1108 aconitum,
1049 1041 1077 1092 in
1089 1043 1176 1108 Bnng.

127 1104 161 1157 0.
184 1120 244 1158 sec.
260 1102 352 1158 'cunm
377 1108 477 1177 Solio,
506 1108 534 1161 in
557 1112 635 1174 Egm.
658 1110 740 1163 Fabr-
763 1108 823 1162 Pal.
846 1104 930 1162 Genii.
948 1106 1027 1160 Goth.
1042 1111 1076 1160 it.
1092 1110 1176 1160 litun.

127 1175 212 1227 Vinii.
236 1177 268 1226 it.
290 1176 351 1243 titio
377 1181 508 1241 scriptum
530 1182 598 1238 est.)
632 1180 686 1230 Pro
709 1181 797 1243 atque
820 1180 870 1230 Dr.
888 1178 918 1227 ii.
940 1192 976 1229 ac
998 1181 1086 1229 habet.
1121 1180 1175 1231 Pro

128 1245 242 1304 Veienti
257 1245 342 1313 onii„
367 1248 415 1310 qui
431 1252 487 1302 c·7
505 1248 639 1300 Veientes
655 1250 710 1307 (ite
725 1249 809 1311 Bong-
824 1250 859 1298 Aa
875 1245 903 1297 in
920 1259 972 1309 ono
986 1250 1013 1297 ir.¹
1026 1250 1045 1298 i.
1059 1247 1174 1297 Plisth-

125 1314 191 1366 iiius
214 1314 349 1367 incertum
374 1316 486 1368 Veienti
503 1329 538 1368 an
559 1317 669 1381 Veienti
686 1316 818 1381 scriptum
833 1328 898 1366 esse
914 1318 1015 1375 refert)
1038 1317 1175 1385 Veiiniue,

77 1424 80 1429 .
127 1384 275 1435 Faltonius
292 1385 347 1442 (ite
362 1387 461 1440 flami.
473 1411 508 1424 -
533 1388 659 1437 Veientes
676 1388 758 1438 Vind-
778 1385 815 1444 Ι.)
838 1385 940 1452 „MSS-
959 1383 1048 1450 qod.“
1072 1388 1173 1437 habere

124 1453 258 1521 ostendit,
293 1456 406 1506 Veiiani
426 1457 454 1507 in
477 1454 555 1508 Leid.
578 1459 613 1505 A.
638 1457 708 1507 Dok.
733 1452 852 1520 invenit,
875 1454 970 1513 (Vino
995 1456 1031 1504 Δ.
1058 1455 1171 1506 Veienti

123 1523 217 1577 altero
232 1523 244 1570 i
260 1524 404 1575 abeodem
421 1537 529 1589 manu„
543 1526 593 1575 sed
607 1533 669 1587 post
686 1525 798 1588 primam
814 1520 987 1584 scriptionem
1005 1524 1095 1576 addito
1119 1527 1170 1575 iia-

122 1592 184 1651 bet)
210 1594 332 1644 Velienii
353 1595 428 1646 Gott.
447 1595 532 1645 Voss.
554 1595 587 1643 A.
611 1596 688 1658 ligni.
705 1596 775 1644 Lov.
793 1604 852 1644 sec.
870 1592 1017 1642 Febr-Dr.
1035 1593 1069 1641 A.
1086 1590 1168 1643 Vrat.

121 1659 202 1711 Altc.
225 1662 306 1711 Gotir.
329 1664 385 1715 An.
411 1663 461 1716 Gn.
479 1664 562 1713 Boon.
579 1663 660 1714 vinti.
679 1661 735 1713 ci).
753 1662 832 1717 Rom.
851 1672 878 1710 a.
891 1661 963 1710 Med.
978 1670 1022 1727 a,
1042 1662 1170 1712 -Veitumi

120 1729 220 1780 Hami-
243 1731 368 1795 exhibet,
395 1732 497 1784 Vannii
513 1732 625 1794 Lipsius
640 1733 731 1783 inex.
749 1730 830 1781 Febr.
847 1729 942 1780 nescio
959 1736 1050 1780 utrum
1066 1730 1167 1781 aiicnbi

119 1798 262 1849 iuvenisse
279 1814 314 1850 an
332 1800 482 1850 coniecisse
498 1801 675 1862 significatur.
707 1800 858 1850 Secundum
874 1800 940 1848 haec
955 1797 1090 1860 suspicari
1103 1800 1168 1849 iicet

120 1867 268 1923 Caesarem
284 1870 444 1934 sitiatque
463 1870 563 1921 Veiens·
568 1902 580 1936 ,
602 1871 649 1920 vel
667 1868 692 1919 si
708 1870 779 1921 iorte
797 1867 1004 1928 trisyllaborum
1017 1868 1167 1933 micatque

119 1936 270 2000 longiorum
292 1940 428 1991 nominum
449 1940 520 1990 ratio
541 1946 617 2004 erat,
641 1936 709 2007 ¹Silii
723 1939 811 2003 atque
829 1936 930 2003 vitarit
945 1924 1107 2005 scripsisse,
1136 1945 1167 1997 ut

120 2008 155 2071 1,
171 2004 208 2057 47
232 2008 350 2066 Valeri,-
375 2010 423 2058 sed
443 2009 518 2058 nuiio
539 2008 573 2059 ab
591 2006 685 2060 'altero
701 2010 779 2066 parte
796 2005 918 2057 codicum
932 2002 1066 2071 suffragio
1083 2004 1166 2057 acce'-

119 2075 200 2125 dente
215 2084 341 2127 nentrum
358 2077 543 2135 recipiendum
560 2077 664 2139 putavi.
698 2076 846 2127 Praeterea
861 2074 1033 2125 memorabile
1048 2077 1092 2125 est
1104 2072 1166 2136 pos't

118 2143 188 2195 haec
210 2145 321 2197 nomina
336 2146 364 2196 in
381 2146 446 2198 VV.
464 2145 517 2196 cc.
535 2147 601 2205 Vrs'·
618 2147 647 2197 in
663 2145 725 2196 iiot.
744 2144 794 2195 cn.
810 2141 937 2195 Iteith.
955 2144 1018 2195 Per.
1035 2145 1065 2192 B.
1082 2143 1164 2196 vind.

118 2213 154 2262 A.
166 2214 243 2265 ¹liar.
259 2217 294 2264 A.
312 2218 339 2264 et
357 2226 443 2278 marg.
460 2215 518 2264 Pet.
535 2214 627 2267 addita
643 2226 707 2264 esse
725 2213 857 2264 verba-et
869 2211 901 2275 ¹ei
917 2223 987 2277 pisos
1003 2212 1164 2277 intercipe·

117 2293 153 2334 re
166 2286 353 2350 ‘potueram
377 2295 447 2347 quae
465 2283 654 2347 Oudendorpio
671 2295 725 2334 nen
740 2282 852 2345 indigua
868 2281 1090 2348 Caesareuise,
1114 2283 1163 2333 seii

117 2364 137 2403 a
152 2353 227 2403 nulio
249 2353 350 2402 editore
373 2362 487 2413 recepta
504 2365 554 2416 ego
570 2352 640 2413 uiroc
656 2354 739 2402 cocto
755 2355 861 2414 putem,
885 2350 913 2400 in
930 2352 991 2405 adn.
1004 2353 1069 2402 crit.
1085 2353 1120 2403 ad
1138 2364 1178 2403 o„

116 2419 390 2486 7S·3signiflcavi.
424 2424 527 2485 Nempe
545 2422 655 2486 inune,
677 2433 757 2484 quam
775 2420 988 2471 commentarius
1003 2425 1097 2471 noster
1112 2434 1164 2471 ex·
1268 2478 1270 2482 Α

115 2489 210 2559 hibet,
238 2504 330 2544 rernm
348 2492 520 2555 narratione,
549 2502 610 2540 cum
626 2500 713 2550 neque
731 2490 760 2538 in
775 2489 960 2549 superioribus
979 2492 1038 2541 uiia
1055 2491 1162 2553 aiiqno-

115 2570 194 2625 rum,
222 2560 269 2622 qui
292 2571 402 2623 praeter
424 2559 520 2609 Silium
543 2565 623 2621 atque
641 2558 787 2608 Veientum
803 2557 929 2618 intercipi
945 2569 963 2607 a
978 2559 1094 2609 Venetis
1112 2571 1163 2621 po-

115 2629 218 2681 tuerint
258 2643 345 2692 neque
364 2630 390 2678 in
409 2626 582 2692 sequentibus
600 2627 807 2688 interceptorem
824 2626 1005 2692 morticini,
1025 2629 1113 2697 iocum
1127 2629 1163 2679 iis

114 2698 226 2761 veritis,
245 2709 279 2748 on
297 2711 360 2747 esse
376 2698 488 2761 ideoque
501 2709 553 2747 nec
569 2695 733 2756 interpolata
749 2693 930 2754 amplificandi
946 2703 994 2747 att
1005 2695 1162 2758 eipiicamti

117 2778 219 2833 causa,
243 2775 274 2816 ut
296 2768 371 2833 atie,
394 2766 485 2817 videri
502 2764 586 2829 posse
603 2772 724 2827 apparet.
759 2763 827 2823 Quid
844 2761 927 2826 igitur
944 2760 1084 2830 superest,
1107 2765 1163 2819 uiri

116 2842 148 2886 ut
169 2850 205 2886 ex
227 2836 285 2889 alia
308 2836 464 2888 narratione
487 2834 632 2885 eorundem
655 2845 746 2883 rerum
770 2833 799 2882 et
818 2843 852 2882 ea
872 2832 996 2884 uberiore
1012 2833 1098 2899 petita
1114 2835 1161 2888 vi-

114 2899 252 2956 deantur?
285 2892 451 2957 Praesertim
475 2917 536 2956 cum
561 2901 691 2955 eiusmodi
713 2897 878 2953 narrationis
896 2902 1017 2969 vestigia
1037 2912 1065 2953 et
1089 2905 1161 2967 apud

113 2972 229 3025 Dionem
253 2973 378 3026 Cassium
402 2985 429 3026 et
453 2973 480 3023 in
504 2974 564 3036 ipso
581 2972 632 3022 hoc
650 2968 959 3035 commentario'iisdem
976 2973 1005 3024 in
1022 2972 1161 3044 codicione

113 3044 172 3096 Μ
189 3051 291 3094 extent.
325 3044 366 3095 Ac
383 3045 434 3095 Dio
452 3042 559 3108 quidem
576 3043 678 3092 sua'ex
694 3038 775 3090 Livio
791 3038 881 3089 aliove
904 3040 1039 3104 scriptore
1061 3044 1161 3111 hanse-

112 3111 167 3176 rit,
191 3124 228 3165 au
253 3111 384 3164 Caesaris
407 3128 442 3166 ex
467 3109 671 3163 Commentariis
693 3108 840 3160 secuudum
856 3109 1049 3169 Epiremeridas
1066 3106 1161 3167 corrc'·

112 3182 168 3234 ctis
186 3192 215 3234 et
231 3183 336 3246 auctis,
359 3194 414 3233 non
430 3181 542 3232 definio:
570 3179 598 3230 in
615 3177 723 3230 codices
739 3177 804 3228 illos
821 3189 855 3226 ex
872 3179 1094 3240 Epiremeridibns'
1110 3194 1160 3246 pu-

113 3250 186 3316 tico,
209 3264 289 3314 quam
312 3250 422 3303 aliunde
444 3253 512 3301 haec
534 3249 661 3300 derivata
677 3255 707 3298 ut
724 3249 858 3312 statuam,
880 3260 912 3301 eo
931 3248 1064 3317 adiutor,
1089 3252 1161 3321 quon

108 3317 156 3373 ini
180 3321 252 3372 hand
273 3332 361 3385 pauca
384 3319 517 3371 correctis
539 3321 573 3369 ab
596 3317 779 3380 ipsummet,
808 3328 889 3379 qnam
913 3319 947 3368 ab
971 3317 1025 3370 elio
1042 3320 1161 3387 uniatis

111 3389 248 3442 similiora
265 3390 418 3457 continent,
441 3389 560 3453 origines
577 3397 668 3439 autem
683 3385 828 3436 varietatis
845 3384 874 3436 in
893 3384 1031 3441 codicibus
1051 3388 1161 3455 conspi-

110 3471 185 3511 cuae
202 3459 261 3509 sine
279 3459 445 3510 necessitate
461 3457 682 3523 multiplicandae
698 3467 751 3505 non
767 3454 904 3505 videntur.
1141 3506 1145 3513 ,
1198 3519 1201 3524 ι

145 3528 374 3590 recuperaturos]
398 3528 428 3578 r.
444 3541 506 3581 esse
524 3529 594 3576 ven.
612 3527 638 3575 b.
661 3526 832 3590 recepturos
848 3537 917 3583 etse,
931 3524 1002 3576 Ven.
1021 3527 1080 3577 cde.
1096 3528 1160 3581 iier.

111 3597 335 3663 reciperaturos
357 3600 441 3660 song.
458 3599 494 3649 A.
519 3605 546 3647 et
563 3597 636 3646 iiav.
653 3595 705 3661 A,
731 3601 842 3656 uterque
861 3606 922 3643 cnm
939 3607 960 3645 o
975 3597 1092 3659 superi
1128 3598 1161 3649 lo

110 3677 132 3719 ιι
147 3669 271 3720 Decimio
293 3675 322 3718 et
344 3665 512 3732 Eioerlingio
529 3667 683 3732 praelatum
698 3676 753 3716 non
770 3662 841 3715 satis
858 3664 946 3715 tutum
961 3664 1026 3716 miii
1043 3666 1160 3719 videtur.

129 3835 258 3903 obsides,
288 3847 356 3899 quos
381 3833 483 3887 Crasso
506 3833 600 3884 denis-
630 3829 698 3884 -neti
718 3843 781 3883 cum
798 3830 912 3894 reliquis
929 3828 1088 3886 civitatibus
1101 3845 1162 3887 me-

77 3908 154 3967 rent]
188 3907 241 3956 iiic
263 3907 342 3958 locus
356 3908 466 3956 certum
486 3905 600 3964 praeiet
630 3901 739 3955 --ritimis
750 3901 782 3951 ie
790 3901 962 3954 deditionem
972 3906 1162 3970 potestatem-

75 3975 268 4041 supplementi,
283 3977 362 4038 quate
378 3988 438 4024 cnm
451 3974 525 4037 aliti,
543 3977 600 4022 tum
642 3985 708 4037 qne·
722 3971 821 4036 popuii
841 3972 967 4024 Romani
984 3974 1100 4027 redacti
1119 3976 1162 4025 oi-

76 4043 112 4107 2,
131 4046 167 4094 ³3
184 4043 243 4104 §.3
260 4046 431 4094 statuendum
446 4044 599 4107 videbatur,
641 4049 756 4109 cuntur,
781 4052 928 4095 euoenon
939 4043 1098 4097 necessario
1116 4057 1163 4093 se-

76 4115 238 4176 exemplum.
273 4115 342 4168 iiam
355 4115 426 4181 qnod
437 4116 470 4180 2,
488 4109 523 4164 ³⁴
541 4112 600 4164 Ve-
628 4111 689 4176 tuni
701 4110 859 4165 nteisioes
870 4122 975 4179 quoqne
986 4113 1022 4166 eit
1032 4113 1071 4165 iis
1082 4115 1164 4166 dates
