2572 4688
411 44 414 49 ”
484 50 489 82 l

389 302 494 421 niu,
518 315 605 391 uu.
639 314 818 392 wenies
1032 410 1035 414 Α
1077 326 1145 399 su

58 530 136 579 cum
151 525 236 576 nens
248 511 321 607 est,
336 504 527 596 'recipinnl3
590 483 698 597 noqm
712 528 826 576 eornm
843 509 993 579 moribus
1006 517 1065 607 lup
1088 514 1142 586 ine
1163 525 1187 595 4

58 600 239 689 quicquam
253 603 312 663 aut
326 596 472 662 inertius
483 595 638 677 habetur,
648 618 758 685 *qnam
773 599 940 690 ephippiis
955 600 1018 670 uti.
1065 536 1142 672 iu·
1162 613 1200 683 6¹

57 707 126 776 que
147 683 190 751 ad
211 684 362 771 quemvis
377 703 551 750 nnmerum
567 704 586 748 e
609 685 838 772 hippiatorum
857 688 1007 778 equiturn
1024 700 1142 778 quarn-

56 777 112 843 vis
131 776 232 861 ponci
254 770 348 837 odire
369 770 505 840 nudent.
604 793 696 838 snum
714 771 756 840 ad
771 794 808 839 ae
825 776 958 843 omnino
975 777 1009 843 iu
1035 780 1143 847 optari
1163 789 1188 856 6

56 884 126 930 non
141 859 268 940 sinunt,
287 858 378 947 quod
393 881 432 925 es
447 880 485 924 re
499 857 543 925 ed
554 857 705 926 lahorem
720 861 894 930 ferendum
907 800 1144 935 remoiioscere

56 949 212 1018 hominos
228 954 329 1034 atque
343 946 529 1013 effeminari
547 946 766 1015 arbitrantur.
852 952 888 1022 3.
913 948 1054 1020 Publice
1073 976 1145 1022 mo.
1222 978 1226 988 ·

56 1038 184 1105 nimum
209 1041 330 1124 putent
347 1054 424 1101 osee
443 1031 578 1100 landem
597 1056 699 1122 qnam
712 1034 881 1103 lefissime
898 1037 1004 1115 esuis
1018 1042 1144 1111 finibus

55 1144 180 1196 vacare
195 1141 315 1210 agros:
340 1122 403 1190 heo
416 1141 455 1189 re
468 1121 654 1210 significari
667 1143 822 1213 magnum
836 1145 1011 1194 numerum
1025 1127 1145 1199 civita·

92 1313 199 1370 ciendis
211 1313 288 1380 equis
300 1326 421 1366 vocasse
433 1313 584 1367 Germanos
598 1321 733 1393 pptenne.
754 1317 984 1386 adsuefecerunt
997 1322 1023 1372 b.
1037 1321 1060 1372 l.
1073 1320 1146 1377 ileu

92 1394 154 1452 est,
177 1387 248 1450 quod
265 1385 452 1449 adsuefactos
470 1384 583 1437 bubum.
619 1384 661 1435 cl.
675 1387 754 1436 Alex.
766 1383 802 1437 tt
825 1391 856 1440 et
867 1389 909 1440 M.
924 1389 1075 1443 Octauium
1089 1406 1146 1445 au·
1165 1451 1168 1455 ⁴

90 1456 175 1509 diret
192 1466 258 1505 cum
270 1453 401 1506 barbaris
414 1454 538 1520 foedere
549 1453 728 1519 permississe
740 1458 989 1525 compluribusque
1005 1461 1077 1513 locis
1089 1475 1146 1514 uo·

89 1528 226 1578 utrorum
237 1523 361 1575 militum
372 1533 538 1590 oppupuure
548 1522 708 1588 praesidio.

127 1607 190 1645 cnm
206 1605 274 1643 nens
294 1593 351 1652 est]
374 1605 401 1644 o.
421 1607 449 1643 u.
467 1593 563 1657 poscit
581 1593 631 1644 cn.
650 1594 721 1643 And·
741 1593 793 1644 ox.
811 1594 840 1644 S.
863 1591 941 1646 [leid.
961 1598 995 1647 A.
1006 1597 1090 1649 vind.
1108 1601 1145 1650 A.

91 1663 166 1715 llav.
186 1663 222 1713 A.
240 1661 375 1726 Aldinae,
400 1658 448 1712 (ir.
463 1661 919 1727 a.sc.ilurr.nips.1u.ureev.‚
936 1667 1007 1729 qnod
1024 1667 1146 1719 auferri

91 1731 195 1798 possit,
219 1731 245 1782 ei
265 1743 350 1781 usum
369 1730 576 1791 interpretemur
594 1731 776 1796 utilitatem,¹
796 1743 814 1783 a
833 1731 964 1784 caesaris
984 1735 1090 1798 quidem
1109 1748 1145 1788 ao

91 1801 187 1852 nescio
200 1813 237 1852 en
250 1800 364 1851 omnium
379 1799 574 1850 consuetudine
587 1799 704 1850 alienum
723 1802 775 1850 eet.
810 1799 853 1850 (ii.
865 1804 901 1869 7,
917 1802 955 1854 80
976 1807 1012 1855 ut
1028 1804 1055 1855 si
1072 1817 1145 1857 suus

90 1872 211 1935 neuiot,
235 1882 319 1920 suum
339 1869 458 1933 quisque
476 1871 571 1919 locum
587 1871 686 1921 teneat
708 1871 738 1920 et
756 1869 882 1921 mouerit.
916 1870 978 1922 σίν.
991 1875 1026 1939 3,
1042 1873 1079 1925 84
1099 1875 1145 1925 bis
1177 1901 1182 1908 ·

90 1943 161 1993 erut
180 1939 266 1990 rebus
286 1936 437 2003 effectum,
460 1940 496 1988 ul
517 1938 629 2002 equites
648 1937 728 1990 mille
747 1937 836 1989 etium
853 1941 1051 2003 apertioribus
1071 1944 1146 1996 locis

91 2023 147 2062 vu.
160 2008 270 2067 utilium
281 2007 521 2069 Pompeianorum
532 2007 686 2075 impetum,
707 2019 773 2058 cum
785 2008 1001 2078 adesset-usus,
1017 2012 1147 2065 sustime·
1243 2047 1247 2058 .

90 2091 128 2130 re
151 2079 302 2130 auderent.
336 2077 407 2126 Hinc
422 2075 571 2126 verisimile
592 2076 623 2125 iit
641 2085 671 2126 et
682 2078 733 2126 boc
746 2079 808 2129 loco
823 2080 851 2127 et
862 2079 897 2144 6,
914 2080 950 2131 lb
965 2081 995 2130 ln
1010 2081 1104 2132 verbis
1115 2081 1147 2133 li

90 2161 160 2200 eum
181 2150 227 2200 est
243 2144 421 2210 mucusque
438 2145 555 2211 aliquod
571 2143 674 2196 bellum
685 2145 933 2199 incidit-omues
947 2147 978 2199 iu
991 2150 1062 2202 bello
1074 2164 1148 2204 oer-

44 2268 46 2273 .
92 2221 200 2270 emtor
221 2227 308 2279 neque
326 2216 472 2266 utilitatem
491 2226 579 2277 neque
590 2214 665 2264 uliud
678 2215 732 2265 nisi
746 2223 868 2282 tempus,
892 2219 1019 2285 qusquis
1032 2218 1073 2272 uti
1091 2219 1147 2274 uli-

91 2301 150 2354 que
162 2298 192 2337 re
206 2293 233 2336 et
247 2297 331 2347 agere
342 2285 390 2334 vel
405 2284 492 2346 possit
506 2285 552 2335 vel
565 2284 677 2349 debeat,
694 2283 853 2349 significari.

126 2356 155 2418 s.
170 2359 197 2406 6.
231 2353 380 2417 inportari]
404 2355 488 2404 Voss.
499 2354 535 2403 A.
547 2355 624 2416 lign-
636 2354 722 2416 liong.
735 2357 770 2404 A.
782 2365 836 2403 nou
848 2352 916 2418 bnp.

125 2424 232 2485 sinunt]
255 2422 412 2487 potiuntur
428 2424 494 2475 VV.
514 2421 567 2473 CC.
582 2423 649 2472 Vre.
662 2421 691 2473 in
702 2423 764 2472 Not.
776 2423 847 2473 And.
861 2422 913 2473 01.
926 2420 1010 2475 Vind.
1021 2426 1055 2475 A.
1075 2423 1147 2488 qnod

90 2495 205 2545 verbum
225 2490 331 2543 caesar
349 2490 508 2554 aliquoties,
530 2491 630 2543 sinere
642 2493 693 2542 boc
707 2504 761 2544 nno
774 2490 835 2542 loco
847 2489 948 2554 posuiu
982 2490 1037 2545 Sed
1049 2493 1147 2548 cicero

90 2559 276 2616 et'l'ereulios
288 2564 339 2611 boc
351 2571 455 2623 quoque
467 2561 608 2621 usurpant·
1096 2582 1099 2587 ·

128 2630 195 2697 (lap,
208 2633 234 2682 3.
259 2629 286 2690 s.
300 2632 326 2679 l.
359 2625 525 2687 civitatium]
551 2628 635 2691 Bong.
656 2625 785 2689 A.1dps.
804 2626 846 2677 ln.
867 2624 971 2680 (ireev.
990 2628 1063 2681 Dav.
1076 2630 1147 2683 ond.

90 2701 243 2754 usitatum
256 2699 337 2751 Vind
350 2698 385 2748 A.
399 2697 451 2748 Gn
464 2698 545 2747 Vrao.
559 2696 591 2745 B.
613 2693 772 2751 ciuitatum
780 2695 881 2759 reliqui
891 2697 1001 2747 codices
1014 2699 1082 2752 ond.
1095 2702 1146 2752 Dr.

92 2773 150 2822 AB·
161 2772 239 2820 Vrat.
260 2767 317 2819 Ac.
338 2765 417 2817 Goth.
437 2765 469 2816 ll.
489 2766 585 2814 llamb.
605 2765 666 2815 edd.
682 2774 745 2817 ante
756 2763 834 2826 Lips.
848 2771 876 2814 el
888 2764 929 2815 cl.
944 2767 1081 2836 lipsium,
1098 2767 1147 2832 qni

29 2848 31 2852 '
92 2841 121 2892 in
141 2837 254 2902 reliquis
274 2834 344 2886 locis
364 2834 517 2886 civitatum
529 2832 615 2886 tenuit
630 2840 657 2882 et
670 2835 701 2900 3,
722 2835 756 2882 13
773 2831 799 2891 S.
814 2835 831 2882 2
849 2835 1064 2900 tempestatium
1076 2848 1095 2886 a
1107 2839 1145 2888 V.

92 2908 125 2960 G.
136 2908 233 2960 Vrsini
250 2907 372 2958 colatum
391 2903 529 2970 neglexit,
552 2902 666 2953 inscium
682 2904 707 2951 b.
719 2903 739 2952 1.
753 2900 918 2954 manutium
929 2906 1038 2954 dedisse
1053 2905 1145 2969 suspi-

90 2990 158 3045 cor,
183 2977 251 3028 (lud.
271 2984 339 3024 vero
358 2986 412 3026 non
431 2982 533 3022 temere
552 2970 739 3023 vetustissimo
759 2970 846 3022 codici
865 2972 944 3025 iidem
958 2973 1086 3025 habuisse
1099 2975 1145 3027 iu-

92 3047 173 3110 dico,
196 3056 248 3108 quo
259 3049 372 3095 auctore
386 3041 468 3093 etiem
482 3044 515 3107 7,
531 3040 567 3094 36
584 3039 612 3102 S.
625 3043 642 3090 2
660 3042 688 3092 et
701 3046 719 3091 3
733 3042 763 3090 et
774 3042 808 3106 8,
826 3044 861 3091 23
880 3040 906 3103 s.
920 3045 935 3092 1
953 3045 1144 3094 accedentibus

92 3114 253 3181 quibusdam
273 3110 337 3164 aliie
353 3111 434 3162 ‘libris
450 3110 548 3167 (Voss.
561 3111 594 3160 A.
608 3111 676 3160 Lot.
689 3111 782 3173 ligni.)
805 3115 834 3159 ut
847 3107 879 3176 l,
897 3113 931 3161 22
948 3109 1003 3172 3.3
1019 3112 1145 3178 scalige-

93 3184 156 3238 rani
174 3191 203 3233 et
224 3178 260 3246 8,
276 3181 311 3231 20
328 3178 354 3240 S.
367 3184 383 3232 1
401 3177 516 3245 Audiui,
541 3177 586 3230 cui
605 3179 668 3231 Par.
684 3177 1043 3247 perductatamen,
1059 3182 1145 3247 Bong.

93 3258 129 3306 Δ.
143 3251 265 3316 accedit,
281 3249 445 3303 anctoritate
458 3247 625 3301 ciuitatium
638 3247 759 3311 scripsit.
794 3249 863 3299 Nam
875 3250 947 3314 quod
967 3251 1061 3313 plnres
1081 3259 1145 3303 suut

93 3322 165 3386 loci,
184 3320 281 3385 quibus
295 3320 404 3370 codices
418 3311 538 3382 plerique
551 3318 580 3370 in
591 3317 746 3369 modulum
764 3319 935 3368 consentiant
956 3320 1006 3385 (1,
1022 3320 1059 3370 30
1077 3318 1103 3379 S.
1118 3323 1146 3372 1.

92 3394 128 3463 3,
146 3391 181 3444 10
197 3388 224 3452 S.
237 3390 270 3456 2,
287 3386 334 3441 ubi
347 3389 430 3441 Vind.
442 3391 477 3442 A.
496 3385 712 3455 meminiret,
729 3385 756 3456 3,
769 3389 804 3437 12
817 3385 844 3449 8.
857 3389 884 3440 2.
900 3386 938 3444 47
950 3387 1011 3450 82.
1028 3388 1063 3441 bil
1077 3389 1106 3451 S.
1117 3391 1144 3440 3.

111 3561 140 3623 s.
154 3559 182 3681 2.
215 3560 344 3621 utetur]
368 3557 412 3611 cl.
425 3557 487 3612 adn.
504 3559 542 3612 ad
557 3560 586 3628 1,
626 3556 742 3682 capiup
760 3558 836 3612 cudo
848 3569 907 3611 uon
917 3570 1002 3624 posse
1016 3559 1146 3616 trousiri

59 3634 94 3685 21
111 3632 141 3692 8.
175 3665 184 3682 .
624 3628 656 3682 ο·
691 3639 725 3680 re
739 3639 786 3678 ur.

113 3701 184 3762 §.u
219 3700 255 3751 ad
272 3699 319 3759 se]
342 3696 421 3749 liaeo
438 3693 499 3747 eine
516 3706 584 3748 sono
679 3697 787 3760 ceps.
803 3693 831 3755 5.
844 3697 870 3747 1.
904 3695 1032 3759 Publice]
1057 3698 1101 3750 ct.
1115 3700 1144 3762 3,
1237 3712 1241 3720 ’

11 3803 14 3809 -
59 3769 259 3836 pronuntianda
288 3775 369 3833 aunt,
402 3774 433 3818 nt
458 3766 530 3816 ictus
554 3766 588 3821 in'
625 3767 661 3815 23
682 3764 852 3818 ciuitatibus
871 3765 1000 3817 mouture
1016 3769 1081 3819 ioue
1098 3769 1145 3821 est

49 3839 176 3890 ,omnimo
208 3840 307 3900 cudat,
342 3834 411 3899 qnod
446 3834 583 3901 negationi
626 3848 712 3900 quom
742 3835 880 3887 latissime
903 3834 1014 3886 circum
1034 3850 1066 3888 se
1088 3850 1144 3889 uo·

62 3910 236 3961 coniunctum
274 3906 387 3956 eundem
419 3904 480 3954 lere
515 3904 582 3971 uni,
624 3906 712 3957 statis
731 3903 833 3969 fluibus
846 3904 1014 3956 solitudines
1027 3905 1142 3959 babere.

61 3989 140 4040 quern
161 3983 284 4028 nostrum
304 3984 353 4039 got
370 3974 454 4024 addit.
489 3972 532 4024 Gi.
554 3973 582 4042 b,
625 3975 701 4035 Quae
714 3975 801 4024 verbe
816 3975 930 4041 docent,
953 3975 1016 4037 qnid
1033 3979 1058 4026 b.
1073 3977 1092 4027 l.
1107 3976 1146 4027 eit

61 4047 96 4099 31
109 4043 583 4111 sic,uliomuiuopupuumdieou·
624 4043 744 4107 publice.
779 4044 890 4094 Poterat
901 4042 1013 4105 publico
1024 4046 1086 4096 lans
1099 4044 1144 4095 di·
1201 4086 1202 4091 ,

61 4126 97 4166 so
110 4116 266 4168 resisteret
276 4125 368 4164 nemo.
402 4114 430 4181 7,
448 4111 483 4164 bb
506 4112 583 4180 quod
625 4113 661 4178 oi,
675 4111 729 4165 nisi
743 4114 860 4165 alterum
872 4111 1146 4166 adiectivnmobsta-

62 4184 153 4255 bipes·
170 4196 211 4239 eo
229 4182 343 4238 cianus
361 4183 519 4250 meteret,
546 4183 583 4238 ut
625 4188 678 4237 ret.
712 4180 805 4249 dieb,
822 4183 858 4234 13
874 4179 1146 4249 sacriplcupulllco

854 4246 940 4318 20*
