2572 4688
129 294 198 365 lab
389 282 464 356 DE
488 280 673 354 banno
703 280 955 360 unnblco

128 503 197 573 qne
221 462 332 547 omniu
353 472 390 542 in
413 468 514 543 iidem
538 481 641 565 atque
663 475 698 542 iu
717 480 922 564 potestatem
940 477 1059 570 populi
1074 479 1224 553 Romani

130 570 348 664 permittere,
368 583 477 650 neque
492 584 530 630 se
543 585 619 630 cum
632 560 750 651 Belgis
765 567 908 654 reliquis
928 570 1144 638 consensisse
1164 594 1225 639 ne-

88 672 109 733 8
131 664 197 753 que
217 660 334 725 contra
347 653 516 807 populum
532 650 721 719 Romanurn
735 655 947 737 coniurasse,
1011 667 1224 747 paratosque

129 770 205 818 esse
220 752 257 812 ot
270 741 345 810 obsi
370 761 406 805 es
421 738 502 805 dure
515 747 550 805 et
562 741 728 829 imperata
741 740 852 808 iacere
864 751 900 809 et
913 743 1049 832 oppidis
1064 748 1222 836 recipere

86 841 108 907 4
129 845 166 909 ot
186 836 356 903 frumento
382 827 572 916 ceterisque
594 826 697 894 rebus
721 829 855 914 iuvare3
925 832 1079 918 reliquos
1103 856 1222 904 omnes

125 925 256 1011 Belgae
269 920 306 989 in
320 917 425 985 armis
440 920 534 999 esse,
554 913 826 1004 Germanosque,
848 916 908 1006 qui
926 919 977 1005 cis
990 919 1147 991 Rhenum
1168 923 1222 992 in-

161 1098 248 1153 iunt:
266 1092 293 1146 ei
310 1090 384 1146 uelit
395 1104 464 1143 snos
478 1090 625 1157 recipere,
647 1088 824 1144 obcaecatos·
836 1092 992 1160 remittat)v
1002 1108 1091 1162 neque
1104 1097 1140 1150 ad
1152 1109 1220 1150 cou-

162 1167 321 1221 clnnitatem
333 1170 362 1213 et
375 1161 595 1226 aequabilitatem
607 1162 724 1225 partium
737 1165 961 1224 reprehendenda
974 1172 1027 1230 est,
1045 1167 1096 1216 sed
1109 1169 1220 1230 propter

160 1236 293 1291 maiorem
307 1231 476 1295 sequentium
489 1230 619 1281 ambitum
633 1231 722 1282 minus
732 1231 938 1294 perspicuitatis
952 1235 1033 1285 babet
1046 1237 1219 1288 strationem

134 1326 137 1331 ·
161 1304 359 1360 ininitivornm
372 1301 571 1369 permittere,
591 1299 768 1353 consensisse
785 1309 839 1350 etc.
861 1302 963 1353 diutius
980 1303 1115 1356 incertam
1134 1306 1219 1356 nllu-
1249 1310 1253 1333 ¹

161 1376 230 1443 quit.
266 1373 343 1436 Quod
360 1371 555 1422 incommodum
573 1382 623 1420 nos
640 1369 855 1432 interpunctione
870 1375 915 1430 (ut
927 1371 972 1421 bic
985 1374 1045 1423 colo
1057 1375 1122 1437 post
1133 1374 1219 1426 mtte-

161 1446 238 1498 rnnt
256 1443 394 1508 ponendo)
417 1440 502 1492 iacile
520 1440 675 1506 evitamus,
697 1447 809 1490 veteres
828 1439 871 1489 illi
891 1441 952 1503 ipsa
965 1443 1091 1494 oratione
1104 1453 1218 1495 averte-

160 1518 237 1568 bant.
272 1512 388 1563 Accedit
407 1512 478 1574 quod
490 1509 613 1560 crebrior
625 1508 746 1559 enclitici
761 1508 855 1574 quein
869 1510 1043 1573 sequentibus
1054 1523 1125 1563 nans
1138 1513 1217 1581 tacit,

135 1604 138 1610 ·
160 1587 194 1638 ut
204 1581 292 1645 magis
304 1580 413 1634 narrari
428 1592 508 1643 quam
520 1577 722 1640 repraesentari
733 1579 822 1629 oratio
835 1579 986 1642 legatorum
1000 1581 1137 1633 videatur.

195 1654 224 1704 iu
237 1653 413 1715 potestatem]
440 1649 525 1713 Bong.
546 1649 581 1699 A.
595 1648 678 1698 Voss.
697 1648 732 1697 Α.
746 1650 823 1712 ligni.
836 1648 911 1698 Gott.
924 1656 981 1698 tres
994 1650 1043 1699 alii
1055 1652 1125 1704 oud.
1138 1652 1218 1704 Vret.

161 1724 195 1775 lt.
214 1722 299 1773 lionn.
319 1720 373 1770 tiu.
387 1719 467 1769 Goth.
481 1718 512 1767 Β.
525 1717 606 1768 vind.
620 1718 652 1766 li.
666 1717 719 1766 inc.
734 1717 803 1768 oud.
817 1719 843 1766 2.
864 1717 976 1780 Reliqui
989 1722 1219 1782 praepositionem

135 1818 138 1824 ·
161 1792 303 1856 omittunt,
328 1801 381 1853 quo
402 1789 478 1838 iacto
495 1785 640 1836 discrimen
658 1783 730 1835 inter
750 1784 835 1851 fidem
847 1794 876 1836 et
892 1790 1068 1850 potestatem
1081 1792 1217 1843 elevatur.

133 1876 147 1885 ·
159 1861 206 1914 ci.
220 1872 246 1910 c.
263 1858 312 1910 lb:
335 1859 368 1908 t'n
386 1855 548 1923 liceatque
567 1853 846 1906 amicitiucioitctia
863 1856 1009 1908 Haeduae.
1044 1857 1096 1910 ³4:
1121 1872 1219 1911 ornnes

160 1942 213 1984 ent
231 1928 370 1980 ciuitates
390 1928 422 1976 tn
441 1925 579 1977 ditionem
594 1926 824 1989 potestatemque
835 1927 935 1990 populi
949 1927 1076 1978 Romani
1088 1940 1153 1982 ecee
1166 1942 1217 1981 re-

160 1999 275 2054 ancisa
308 1997 396 2046 simul
416 1994 619 2059 gradationem,
645 2005 714 2054 quae
729 1994 844 2060 dicitur,
861 2005 880 2044 a
894 1995 993 2048 minori
1005 1998 1041 2049 ad
1053 1999 1143 2050 maius
1156 2000 1217 2052 tolli

135 2094 140 2103 ·
160 2080 277 2125 neeesse
291 2073 352 2132 est,
369 2077 437 2128 quae
450 2063 511 2113 huic
525 2065 586 2114 loco
599 2063 740 2112 admodum
756 2064 892 2114 convenit.

197 2150 259 2188 cnm
265 2134 357 2197 Belgis
369 2133 496 2197 reliquis]
514 2144 579 2183 mom
586 2131 682 2196 Betpis
689 2131 866 2198 reliquisque
875 2132 1060 2185 Pabtiotbli.
1073 2137 1135 2189 edd.
1150 2144 1216 2188 ante

159 2209 233 2260 Veu.
253 2206 276 2255 i.
300 2205 430 2265 (excepta
445 2203 515 2263 inc.)
538 2214 604 2251 cum
621 2201 745 2266 reliquis
763 2203 859 2268 Belpe's
873 2202 947 2254 flav.
960 2206 995 2255 A·
1007 2205 1090 2255 vind.
1102 2208 1138 2255 A.
1151 2208 1216 2257 Ald.

136 2285 215 2330 -etc
240 2276 269 2325 et
289 2273 357 2322 0ud.
378 2274 410 2339 2,
433 2271 480 2334 qui
499 2272 565 2324 ordo
582 2271 730 2321 verborum
749 2271 875 2322 usitatior
894 2280 954 2339 est,
977 2275 1026 2323 sed
1039 2275 1072 2324 ob
1085 2274 1217 2338 idipsum

159 2341 305 2413 postpositi
324 2340 454 2393 adiectivi
473 2342 578 2403 pondua
598 2339 714 2403 manius
730 2342 759 2391 ct
778 2341 877 2409 studii,
901 2355 953 2405 quo
972 2341 1014 2392 illi
1028 2357 1060 2393 se
1071 2355 1090 2394 a
1103 2345 1217 2409 reliquis

160 2414 343 2479 separabant,
361 2409 524 2473 significatio
540 2409 693 2460 evidentior
705 2409 745 2459 lit.
778 2410 821 2460 ci.
837 2413 870 2476 7,
887 2409 938 2462 4³:
958 2413 1080 2464 consitio
1091 2416 1167 2466 clam
1179 2416 1216 2466 de

159 2486 232 2538 betto
245 2481 322 2533 imre
340 2479 486 2544 incipiant
497 2479 687 2545 ciuitatesque
699 2479 828 2544 reliques
841 2481 1028 2547 tepotiombue
1042 2483 1216 2539 sollicitant.

144 2548 194 2624 '8-,
210 2550 263 2605 de:
280 2563 361 2617 cum,
382 2551 452 2617 quid
463 2553 604 2616 operetur
617 2548 648 2599 t'n
659 2549 730 2600 locta
742 2550 883 2616 reliquis,
898 2553 996 2601 essent
1007 2552 1116 2617 lauari.

192 2622 366 2682 coniurasse]
398 2621 512 2672 manino
532 2619 702 2670 coniurasse
724 2621 752 2669 S·
772 2621 843 2670 And.
865 2619 915 2669 οι.
938 2620 1014 2671 Leid.
1033 2624 1067 2671 A.
1085 2623 1160 2673 llav.
1178 2626 1216 2675 Δ.

157 2692 241 2744 Vind-
257 2694 293 2743 A.
308 2692 355 2742 Dr.
370 2690 400 2740 Β.
412 2691 475 2743 nld.
488 2692 517 2739 et
529 2702 588 2754 sqq.
609 2690 708 2751 Aptum
722 2689 765 2755 id,
790 2689 814 2737 si
832 2697 893 2750 post
910 2691 1086 2752 permittere
1105 2693 1216 2755 plenius
1273 2700 1276 2705 '

156 2762 400 2826 interpungendum
420 2763 449 2811 et
466 2759 542 2822 prius
563 2771 656 2824 neque
674 2770 774 2809 trovam
794 2759 1005 2811 enuntiationem
1019 2760 1139 2824 incipere
1153 2765 1216 2814 sta-

157 2833 286 2885 tuendum
306 2840 365 2880 est:
390 2829 434 2880 siu
451 2829 500 2880 illo
520 2830 581 2879 loco
602 2840 706 2878 comma
726 2827 852 2890 posueris
868 2829 895 2875 et
906 2841 997 2892 neque
1011 2842 1060 2891 pro
1074 2829 1128 2885 uttb
1143 2827 1216 2894 nint

158 2900 317 2966 acceperis,
334 2899 428 2949 verbis
441 2911 533 2962 neque
545 2901 650 2948 contra
660 2899 796 2960 poputum
808 2897 969 2947 Romanum
982 2899 1149 2950 coniurasse
1164 2915 1217 2951 ex-

157 2971 332 3036 plicationem
352 2967 566 3018 antecedentium
586 2966 708 3016 exbiberi
729 2966 831 3016 senties
851 2978 903 3016 nou
922 2969 1108 3022 necessariam
1125 2970 1217 3039 illam,

139 3056 143 3063 ·
159 3043 208 3091 sed
221 3037 353 3101 prolixius
367 3050 398 3086 se
410 3036 586 3099 purgantibus
600 3036 682 3087 valde
696 3037 933 3086 accommodatam.

194 3108 221 3168 s.
240 3104 268 3156 4.
307 3105 354 3168 qui
371 3105 412 3167 cis
430 3105 552 3155 Rhenum
566 3104 701 3163 incolant]
724 3106 777 3155 Pro
796 3106 838 3155 cis
856 3105 990 3157 Rhenum
1005 3106 1057 3156 οι.
1074 3105 1158 3158 Vind.
1179 3109 1216 3158 A.

157 3178 223 3229 Par.
242 3176 272 3223 Β.
286 3175 349 3224 Ald.
364 3182 418 3226 etc.
435 3180 498 3222 ante
513 3173 636 3236 Lipsium
653 3173 749 3233 (etiam
767 3174 869 3233 Vasa.)
890 3177 973 3240 ripas
990 3176 1088 3227 libeni
1104 3177 1215 3227 babent.

158 3247 230 3309 quod
243 3245 278 3293 ab
296 3243 365 3305 ipsis
383 3242 476 3293 Remis
493 3241 636 3294 citeriores
655 3244 728 3293 haud
744 3243 824 3293 dubie
840 3245 916 3304 ripas
934 3244 1138 3308 designantibus
1152 3246 1216 3297 siue

157 3314 334 3377 ambiguitate
357 3309 429 3379 dici,
460 3312 586 3373 scriptori
610 3324 693 3378 vero,
724 3325 785 3362 cum
807 3313 842 3362 ab
866 3313 923 3363 illis
945 3314 1069 3375 partibus
1091 3315 1216 3380 abesset,

100 3396 103 3403 ·
157 3398 221 3435 cnm
244 3379 356 3433 certiori
378 3381 421 3432 cis
445 3380 580 3431 Rhenum
597 3383 812 3431 commutandum
828 3380 916 3433 videri
932 3384 1027 3444 potuit.
1062 3383 1216 3437 Praeterea

155 3452 251 3515 optimi
277 3463 369 3502 eorum
392 3450 529 3514 codicum,
559 3450 604 3512 qui
626 3450 669 3500 cis
687 3451 820 3502 Rhenum
837 3458 964 3517 tuentur,
988 3453 1072 3517 Bong.
1090 3453 1147 3502 dn.
1164 3454 1215 3508 Dr.

155 3525 193 3573 A.
209 3522 291 3573 Viud.
308 3522 338 3568 B.
358 3533 418 3569 cum
436 3520 505 3568 Lov.
523 3517 583 3568 Pal.
601 3517 675 3570 iiott.
693 3521 796 3570 duobus
814 3519 877 3569 aliis
898 3521 966 3570 0ud.
982 3522 1064 3573 Vrat.
1081 3520 1114 3571 Ο.
1131 3522 1214 3573 Gotb.

155 3592 188 3643 Β.
206 3591 302 3642 llamb.
321 3589 376 3638 (iu.
392 3598 441 3650 pro
457 3587 604 3650 incolunt,
628 3590 698 3651 quod
710 3590 738 3639 in
752 3588 832 3639 editis
845 3598 904 3655 est,
927 3589 1055 3644 incotout
1068 3591 1214 3660 praebent,

154 3662 227 3726 quod
238 3671 292 3709 nou
304 3658 391 3708 minus
405 3658 518 3719 probum
532 3657 648 3710 videtur.
680 3657 876 3710 coniunctivae
890 3658 973 3710 etiam
986 3661 1038 3710 bac
1052 3661 1087 3711 de
1099 3673 1132 3714 re
1146 3673 1213 3714 cer-

155 3732 254 3782 tiorem
270 3740 319 3793 per
337 3739 368 3778 se
386 3726 533 3778 Caesarem
550 3725 611 3778 lieri
627 3728 749 3779 voluisse
765 3729 866 3780 nemos
884 3727 1029 3792 siguificat.

119 3897 243 3965 emunt,
269 3894 319 3962 qut
332 3921 342 3933 -
356 3921 366 3934 ·
379 3908 411 3947 se
423 3906 533 3961 suaque
546 3892 643 3946 omnia
686 3891 818 3959 cessaria,
836 3893 901 3946 alibi
913 3893 973 3946 sinc
984 3894 1154 3946 necessitate
1164 3897 1213 3948 ta-

119 3970 221 4020 etrum
238 3966 380 4032 potestati
398 3967 576 4030 permittere
595 3965 643 4016 rti-
685 3977 747 4016 men
761 3962 865 4027 placuit
879 3965 1074 4032 scriptoribus,
1092 3977 1145 4016 nec
1158 3966 1213 4016 mi-

119 4037 243 4088 uerunt.
283 4038 371 4099 Atqtre
391 4035 497 4098 ellipsis
516 4035 579 4095 illa,
608 4037 642 4084 de
686 4045 738 4084 nna
762 4033 864 4084 ualtata
882 4041 926 4084 est
945 4036 1013 4086 baec
1028 4045 1212 4096 personarum

119 4111 174 4168 qna
186 4104 327 4167 numptius
340 4104 366 4164 S.
379 4104 433 4156 605
448 4103 525 4170 dixit,
543 4105 586 4154 his
598 4106 642 4154 lo·
683 4102 863 4169 permutatio,
888 4115 944 4168 qua
963 4102 1069 4168 legatis,
1081 4103 1212 4156 tribuitur

119 4175 162 4228 cla
174 4174 320 4267 eritopdae
327 4172 480 4227 iterationis
490 4185 577 4225 causa
589 4184 641 4223 ne·
683 4171 728 4240 id,
745 4172 816 4237 qnod
828 4172 977 4237 legantium
985 4173 1045 4235 lect.
