2572 4688
421 260 586 335 IAM.
628 258 824 388 (laikid
984 322 987 335 .
1119 271 1165 342 25

75 448 259 522 Gaesarem
274 453 452 520 certiorem
468 451 598 522 iaciunt
610 473 686 520 soso
699 450 740 519 de
766 451 914 543 opulatio
928 454 1020 539 agris
1033 476 1098 522 non
1112 457 1163 525 fa-

76 542 143 607 nu
165 540 208 606 aa
232 541 368 632 oppam
390 543 457 610 nm
478 542 623 609 nostrum
639 541 736 628 prou·
762 562 831 609 ere.
895 539 983 608 nem
999 528 1207 612 nusum

76 648 148 714 ges,
170 630 231 718 qui
245 637 341 696 trans
356 628 554 697 Rhodanum
568 630 661 696 vicos
674 628 973 717 possessionesque
983 631 1163 715 habebant,

76 719 155 802 iuga
176 738 214 784 se
235 716 279 783 ad
303 715 482 796 Gaesarem
501 714 670 804 recipiunt
684 720 721 783 et
734 715 965 783 demonstrant
984 718 1050 785 sibi
1065 741 1163 809 prac-

77 810 131 869 ter
143 805 219 890 agri
231 806 342 870 solum
355 805 439 870 nihil
453 825 529 870 osse
540 803 677 892 reliqui.
727 802 863 891 Quibus
878 805 981 871 rebus
997 803 1163 875 adductus
1185 793 1208 857 6

78 888 207 959 Cacsar
227 912 291 957 non
312 890 571 980 exspectandum
585 891 652 956 sibi
666 890 807 980 statuit,
833 889 912 956 dum
926 893 1166 961 omnibus'for-

79 980 170 1046 tanis
192 981 360 1046 sociorum
382 979 590 1070 consumptis
609 978 645 1044 in
663 977 832 1046 Santonos
846 977 997 1048 Helvetii
1010 980 1166 1072 pervcni-

79 1075 167 1139 rcnt.
422 1119 425 1127 .
1087 1105 1089 1110 ·

179 1154 235 1220 12.
260 1150 404 1220 Flumen
417 1155 471 1217 cst
486 1150 600 1232 Arar,
620 1147 712 1239 quod
723 1171 785 1237 per
797 1150 880 1219 fines
893 1151 1113 1222 Haeduorum
1129 1162 1166 1223 et
1250 1155 1280 1209 Y.

85 1237 317 1327 Sequanorum
347 1240 384 1305 iu
407 1236 607 1305 Rhodanum
635 1237 764 1320 influit,
796 1238 988 1306 incredibili
1011 1244 1165 1324 lenitate,

81 1327 126 1393 ita
139 1332 179 1392 ut
193 1326 320 1406 oculis,
346 1327 383 1392 in
397 1330 510 1391 utram
525 1333 655 1415 partem
671 1325 775 1412 fluat,
799 1325 944 1394 iudicari
960 1351 1025 1395 non
1041 1333 1164 1418 possit.

82 1412 119 1481 ld
133 1413 283 1480 Helvetii
301 1412 433 1479 ratibus
449 1435 486 1478 ac
499 1413 661 1479 lintribus
675 1411 800 1480 iunctis
817 1415 1019 1484 transibant.
1091 1417 1164 1488 Vbi
1185 1419 1208 1480 2

84 1524 140 1591 por
151 1503 382 1591 exploratores
397 1499 525 1568 Cacsar
540 1502 668 1567 certior
679 1499 790 1566 iactus
806 1511 860 1567 cst
880 1508 950 1569 tres
965 1505 1031 1570 iam
1047 1511 1165 1595 partes

84 1589 249 1679 copiarum
263 1587 445 1654 Helvetios
466 1586 503 1653 id
525 1587 648 1654 flumen
671 1586 883 1671 traduxisse,
910 1599 1065 1677 quartam
1084 1615 1165 1661 vero

85 1682 209 1766 partem
231 1675 318 1742 citra
338 1676 460 1740 flumen
477 1675 621 1750 Ararim
642 1674 806 1762 reliquam
820 1697 913 1757 esse,
942 1676 984 1743 de
997 1680 1101 1747 tertia
1115 1683 1166 1747 vi-

86 1767 159 1852 gilia
184 1786 261 1830 cum
289 1762 480 1850 legionibus
509 1762 621 1830 tribus
641 1785 661 1863 e
682 1762 806 1830 castris
834 1758 1007 1854 proiectus
1026 1767 1071 1834 ad
1091 1790 1166 1836 eam

146 1955 216 2022 cap.
229 1958 272 2009 12.
297 1953 324 2016 S.
340 1957 365 2008 1.
408 1958 511 2017 otram]
537 1956 591 2007 Pro
615 1965 648 2006 eo
673 1955 757 2021 Bong.
775 1955 810 2006 A.
827 1954 909 2008 vind.
926 1958 961 2008 A.
981 1968 1067 2024 qoam
1087 1957 1167 2010 exhi-

113 2028 190 2093 bent,
223 2027 295 2091 quod
318 2024 439 2080 codicum
458 2025 578 2077 diversis
595 2025 708 2076 familiis
725 2027 922 2090 adscriptorum
940 2032 968 2077 ct
985 2041 1053 2079 suae
1070 2029 1167 2078 cuius-

114 2109 163 2160 que
187 2096 346 2156 optimorum
362 2108 513 2145 consensus
531 2101 559 2144 et
575 2095 638 2155 ipsa
656 2094 799 2144 locutionis
815 2096 903 2160 ratio,
927 2096 961 2146 de
983 2109 1037 2158 qua
1053 2098 1167 2151 Reman.

41 2182 44 2189 ·
114 2178 225 2232 graman
242 2164 269 2224 S·
286 2163 336 2215 159
353 2172 408 2214 not.
425 2166 440 2214 1
460 2165 639 2214 corrfereudus
655 2172 714 2233 esc,
740 2176 905 2229 magnopere
922 2168 1099 2219 commendat.

147 2233 173 2295 8.
187 2237 213 2284 ².
248 2235 319 2293 tres]
344 2233 404 2285 tris
422 2234 503 2297 Bong.
521 2230 552 2282 G.
573 2233 640 2283 oud.
654 2236 682 2285 2.
1039 2256 1041 2261 v

145 2305 239 2367 partes
255 2303 393 2364 copiarum
409 2301 567 2360 Helvetios]
599 2302 659 2362 Hac
676 2297 769 2352 ordine
786 2310 879 2352 omnes
896 2314 914 2354 a
932 2315 976 2352 me
993 2303 1087 2355 collati
1104 2301 1168 2356 libri

115 2377 223 2437 praeter
246 2371 328 2422 vind.
350 2373 400 2440 In,
430 2372 475 2434 qui
498 2385 559 2423 curn
583 2370 664 2421 editis
686 2378 750 2422 ante
768 2372 838 2420 ven.
855 2371 876 2420 f.
891 2374 1001 2437 parcen
1019 2375 1167 2426 Helvetios

116 2441 265 2507 copiarum
288 2441 378 2492 babet.
418 2441 452 2490 lu
468 2441 530 2492 Ven
556 2441 577 2489 1.
601 2446 629 2488 et
652 2452 710 2502 sqq.
728 2437 878 2504 copiarum
897 2445 1002 2507 portes
1018 2443 1168 2505 Helvetios

114 2512 227 2576 legitur,
254 2510 324 2573 quod
341 2509 409 2561 0nd.
429 2509 489 2559 sino
508 2508 678 2560 adnotatione
694 2509 813 2572 reliquit.

145 2577 315 2639 traduxisse]
342 2578 550 2631 transductae
566 2576 658 2641 Voss.
668 2578 703 2629 A.
715 2579 796 2628 Vrat.
814 2579 844 2628 B.
859 2578 1008 2630 (11.11011.
1022 2577 1088 2630 editi
1102 2588 1167 2632 ante

113 2650 202 2711 supr.
220 2655 249 2697 et
266 2648 335 2698 Oud.

116 2759 122 2778 ,
148 2725 273 2782 quartam
296 2716 379 2776 vcro]
407 2715 477 2767 Lon.
500 2715 529 2766 S.
546 2713 623 2767 Laid.
640 2714 675 2764 A.
693 2715 763 2777 And.
781 2715 855 2766 Gott.
872 2717 956 2767 Voss.
974 2716 1004 2767 (i.
1024 2715 1166 2768 Parisien-

114 2799 176 2852 scs,
201 2788 280 2836 Vrat.
305 2786 335 2834 ll.
352 2783 434 2836 Viud.
458 2786 515 2834 All.
539 2787 623 2845 Bono,
646 2785 703 2840 Ino.
719 2784 805 2835 Vnae.
829 2786 918 2844 steph.
941 2792 993 2835 etc.
1026 2789 1166 2851 quartam

115 2859 179 2925 fere
196 2864 278 2906 vetus
296 2856 381 2905 codex
397 2847 510 2923 Vrsini,
534 2856 623 2906 codex
639 2852 760 2919 Brantii,
781 2855 850 2916 neg.
866 2859 900 2906 Ν.
913 2854 973 2904 Pet.
987 2854 1069 2918 Bong.
1084 2855 1164 2906 ABG.

114 2927 172 2978 Pal.
184 2925 272 2981 Voss.
289 2925 324 2978 A.
339 2925 416 2987 Egm.
433 2922 531 2987 reliqui
547 2921 618 2987 mei,
645 2922 710 2972 editi
727 2930 791 2973 ante
808 2923 907 2972 Aidum
920 2930 948 2972 et
964 2924 1125 2987 Gryphiaua
1136 2927 1164 2976 b.

115 2997 179 3065 fere
203 2994 291 3044 minus
314 3002 406 3056 aptum
432 2999 484 3044 est.
513 2993 553 3043 ·Si
570 2994 628 3041 tres
645 2998 737 3055 partes
753 2993 896 3042 traductae
913 3001 1007 3060 erant,
1031 2993 1165 3059 reliquam

114 3073 237 3128 quartam
254 3075 317 3112 csse
333 3075 448 3113 necesse
465 3065 534 3114 erat.
568 3063 604 3112 Et
620 3073 745 3124 magnum
762 3062 812 3111 hoc
829 3067 890 3111 erat
906 3063 941 3112 ad
958 3063 1101 3114 consilinm
1115 3077 1165 3116 ca-

113 3135 239 3197 piendum
263 3145 373 3196 remque
395 3133 549 3194 gerendam.
581 3131 676 3193 Itaque
698 3141 769 3182 cero
792 3129 969 3193 aptissimum.
1010 3130 1053 3181 cf.
1069 3134 1104 3200 7,
1129 3130 1165 3184 24

116 3205 207 3255 omnis
219 3214 292 3255 cero
304 3208 357 3253 etc.
384 3199 446 3252 civ.
460 3202 487 3270 1,
500 3197 535 3251 64
552 3200 623 3255 totio
635 3212 707 3253 cero
718 3207 772 3252 etc.
794 3200 832 3257 ib,
846 3203 873 3271 2,
885 3202 903 3250 t
919 3200 1016 3256 altero
1025 3213 1098 3252 coro
1111 3210 1166 3253 etc.

88 3373 192 3443 ualuit,
214 3387 250 3426 ne
263 3370 348 3428 libert
361 3369 602 3424 adiectivumesse
644 3375 714 3428 dum
732 3373 764 3425 tn
784 3372 877 3426 Ponto
897 3380 950 3424 etc.
990 3370 1065 3425 infra
1088 3388 1113 3425 e.
1130 3373 1166 3426 43

89 3445 231 3495 rideretur.
255 3444 302 3496 stoi
314 3445 405 3493 autem
416 3445 529 3504 propter
541 3443 601 3493 eius
643 3443 783 3497 Planities
797 3446 864 3494 erut
875 3455 979 3509 ntopnc
993 3445 1048 3495 ete.
1066 3443 1166 3497 cicero

87 3513 240 3566 nominativi
256 3511 428 3565 insolentiam
445 3513 537 3562 dicere
550 3525 602 3563 no·
642 3526 693 3576 pro
707 3512 815 3572 Quintio
830 3516 884 3561 c.3
907 3512 938 3562 0.
953 3512 1088 3574 Quintius
1105 3515 1167 3578 soit

89 3583 149 3647 init,
171 3594 332 3647 quamquam
351 3581 457 3647 Hirtius
471 3583 505 3645 8,
522 3581 557 3632 50
573 3583 602 3632 et
643 3585 697 3633 etc.
726 3580 804 3630 Fam.
819 3583 869 3650 13,
883 3582 920 3634 30
934 3580 1166 3638 d-moounsest

89 3653 198 3714 scriptor
218 3654 284 3703 belli
303 3651 392 3702 Africi
407 3649 551 3714 aliquoties
567 3663 601 3702 cc
642 3648 724 3704 Sosis
739 3657 792 3700 etc.

88 3721 126 3772 usi
139 3724 217 3788 sunt,
240 3722 340 3784 etipse
354 3733 425 3772 soce
436 3717 602 3772 nominativo
694 3732 744 3782 per
763 3719 847 3780 fines]
873 3718 985 3786 Proprie
998 3718 1099 3769 dictum
1112 3722 1166 3771 est.

88 3790 171 3853 punit
188 3789 250 3840 Gir.
268 3794 302 3859 1,
324 3787 360 3842 st
383 3792 462 3858 ct2,
480 3791 524 3846 17.
556 3786 601 3841 01.
643 3784 718 3840 Arar
737 3790 877 3852 sequanos
897 3790 933 3845 ab
953 3788 1076 3839 Haeduis
1089 3788 1165 3842 divi-

89 3862 172 3912 adnot.
186 3863 258 3911 adc.
274 3860 308 3929 5,
326 3863 352 3910 ³.
643 3859 734 3909 debat.
769 3857 812 3910 cf.
826 3859 950 3910 Vkertus
966 3872 993 3921 p.
1006 3857 1068 3909 352.

134 3927 601 3994 cap.1a.s.1.1i1unenestnrar‚
696 3927 724 3987 S.
738 3932 765 3979 2.
800 3927 946 3988 ecastris]
977 3927 1091 3991 quaein
1112 3928 1164 3977 Sc·
1211 3935 1216 3977 ;

89 3993 171 4047 simili
201 3997 375 4061 simplicitate
403 3997 465 4051 civ.
486 4003 520 4062 3,
549 3999 602 4050 112
643 3995 769 4062 gusianis
781 4004 859 4050 trans
871 3998 1043 4062 Rhodanum,
1059 3997 1109 4047 scd
1122 3996 1166 4047 cis

42 4066 45 4073 '
90 4063 197 4118 mous
214 4071 261 4120 eat
278 4068 309 4120 in
327 4067 422 4119 annun
435 4068 534 4119 turris
548 4069 602 4116 etc.
645 4067 756 4124 Ararim
778 4066 869 4134 posita
891 4068 979 4122 erant.
1012 4064 1057 4119 01.
1079 4079 1106 4122 c.
1128 4066 1165 4137 10

91 4131 190 4189 dudm
206 4137 286 4193 Alex.
302 4137 339 4195 m
367 4138 439 4191 Zeto
455 4138 502 4192 cot
519 4134 603 4204 oppi-
643 4137 717 4193 extr.
