2572 4688
153 262 222 338 378
299 290 304 311 ¹
410 259 484 331 DE
509 258 692 333 BELLO
721 258 975 335 autumo

111 444 117 481 ³
153 448 403 532 arbitrabatur,
431 457 567 539 portum
588 456 706 518 tonare
724 448 839 523 iussit.
931 453 990 522 23.
1021 448 1091 518 nis
1114 450 1234 518 oonsti-

153 540 241 607 tutis
261 537 365 604 robus
385 545 506 604 naotus
528 538 682 605 idoneam
704 539 747 603 ao
763 538 986 624 navigandum
1001 545 1235 628 tempestatum
1257 537 1262 569 '

154 629 257 694 tertia
280 627 352 692 iero
372 619 488 712 vigilii
509 624 612 693 solvit
626 627 826 715 equitesque
838 631 873 692 in
887 627 1086 695 ulteriorum
1104 634 1234 717 portum

28 726 31 731 '
109 720 132 783 2
145 713 313 800 „progredi
327 720 363 779 et
376 736 477 781 navos
490 713 713 780 consuendam
728 721 763 779 at
775 737 813 781 se
826 716 923 802 aequi
936 717 1052 784 iussit.
1110 716 1151 783 A
1164 716 1235 803 qni.

150 803 216 870 bus
233 823 307 870 oum
321 802 424 890 paulo
437 801 570 868 tardius
582 812 675 869 assat
687 800 970 883 administratum,
985 804 1062 891 ipso
1074 803 1160 869 irora
1176 803 1235 869 air·

150 892 237 960 aiter
257 889 327 956 disi
346 897 469 977 quarta
490 910 565 956 oum
586 890 707 980 primia
726 890 868 959 navibus
886 890 1101 958 Britanniam
1125 891 1234 979 attigit

184 1065 232 1133 qui
251 1066 409 1130 piarumque
427 1063 532 1119 dedaet
551 1065 641 1117 solent
659 1064 732 1133 diat,
754 1063 824 1119 duat
843 1065 986 1135 dieantur,
1008 1071 1042 1119 ut
1062 1066 1098 1133 5,
1124 1064 1160 1119 2t
1180 1067 1231 1128 ,Μ

183 1142 288 1198 (anam
307 1136 440 1193 terionem
456 1136 488 1186 in
505 1135 640 1187 Morinos
660 1135 689 1186 iu
709 1136 823 1186 hiberna
834 1135 996 1189 ducendam
1008 1137 1083 1189 Gaio
1096 1135 1184 1189 Fadio
1194 1139 1231 1188 te·

177 1209 254 1274 ‚anto
267 1205 362 1268 dedit)
379 1206 407 1255 a
424 1204 450 1264 S.
463 1206 482 1258 7
499 1207 600 1270 (qaam
613 1204 704 1257 oasa
715 1204 821 1256 Roscia
835 1203 867 1256 tn
878 1207 1099 1270 pacatissimam
1114 1208 1146 1259 et
1160 1205 1231 1272 qais·

132 1322 135 1327 ,
185 1275 329 1330 tissiraam
351 1276 470 1339 partem
491 1274 651 1327 docendam
670 1274 825 1340 dederat),
854 1273 1003 1342 tudinium,
1029 1275 1232 1341 qumanana

183 1348 246 1400 aun.
259 1344 342 1406 tecit,
360 1345 389 1394 et
404 1345 530 1407 oodioas,
546 1356 614 1407 quos
628 1342 743 1407 optimos
756 1343 900 1410 natamus,
919 1345 997 1409 sequi
1009 1358 1065 1397 non
1077 1343 1209 1397 dubitavi.

219 1412 286 1475 (tau.
303 1416 349 1464 23.
367 1413 394 1474 S.
415 1415 441 1464 t:
476 1412 587 1477 vigilia]
615 1426 643 1464 a.
660 1412 753 1465 noetis
769 1410 848 1465 Laid.
865 1413 900 1461 A.
917 1413 964 1464 Sic
980 1414 1043 1464 Atr.
1060 1413 1100 1470 47
1116 1413 1232 1466 circiter

183 1481 287 1548 atqttta
309 1481 437 1539 secanda
460 1482 564 1534 noetis.
598 1481 637 1536 io.
661 1484 699 1535 67
721 1482 831 1548 quarta
851 1481 947 1533 noctis
961 1482 1074 1549 stadia.
1112 1483 1188 1546 ilisa.
1203 1485 1230 1534 u

182 1551 278 1605 noetis
295 1552 389 1603 tertia
404 1552 515 1620 oiqilia.
549 1550 655 1605 caesar
669 1563 738 1605 vero
756 1550 857 1603 audere
876 1563 931 1603 non
947 1553 1030 1604 solut.

217 1619 317 1682 solvit]
342 1633 432 1673 naues
449 1633 474 1671 s.
492 1621 556 1673 VV.
573 1618 629 1673 cc.
646 1622 715 1673 vrs.
732 1619 761 1671 in
779 1622 841 1671 Not.
859 1620 920 1671 Pet.
930 1622 1003 1671 And.
1017 1619 1095 1674 Laid.
1107 1620 1144 1671 A.
1155 1619 1232 1673 vno.

181 1691 218 1743 A.
236 1697 267 1741 uo
283 1688 359 1740 inira
376 1702 400 1739 a.
419 1692 454 1740 36
472 1687 498 1749 s.
517 1691 639 1756 arando
651 1690 721 1757 post
742 1688 866 1745 atedtam
887 1692 1003 1742 noctem
1026 1701 1121 1743 naves
1143 1689 1232 1742 soluit

182 1762 211 1810 et
234 1757 268 1823 5,
291 1758 309 1810 8
334 1759 404 1810 sotir
428 1771 532 1812 occasa
555 1772 645 1813 nuoer
667 1759 765 1812 satuit.
807 1759 847 1810 Vt
864 1758 926 1823 hta,
944 1758 985 1812 ita
1002 1757 1038 1827 5,
1055 1762 1092 1823 2³
1113 1760 1232 1813 secanda

181 1826 258 1881 inita
275 1839 346 1880 cnm.
359 1829 495 1884 solvisset
510 1827 619 1896 viudin.

217 1895 244 1958 s.
262 1901 289 1950 2.
323 1899 349 1948 A
366 1897 478 1961 quibus]
512 1900 615 1965 „MSS
637 1908 732 1951 ornnes
747 1902 778 1947 et
793 1895 862 1947 Edu.
878 1890 985 1948 vett.“
1005 1892 1089 1947 (tarr.
1104 1895 1189 1948 Voss.
1204 1896 1234 1944 A.

181 1967 261 2031 Egm.
286 1978 342 2017 aaa.
366 1966 449 2019 uror.
477 1967 535 2017 Pet.
560 1974 616 2021 see.
640 1966 728 2019 cont.
744 1965 829 2019 Vind.
847 1965 919 2018 uiti.
937 1978 1000 2018 curn
1017 1965 1145 2018 omnibus
1164 1978 1182 2015 a
1195 1978 1232 2015 me

118 2085 131 2101 ,
182 2036 265 2086 visis.
305 2035 421 2087 Tantum
444 2030 498 2087 tin.
522 2036 557 2088 ab
580 2048 609 2103 a.
635 2035 737 2088 habero
761 2034 885 2100 videtur,
908 2037 980 2100 quod
1002 2037 1047 2086 ast
1071 2034 1102 2088 iu
1121 2034 1232 2101 Altinio,

157 2106 232 2158 tir.
250 2118 277 2156 a·
294 2106 374 2155 Turn.
391 2113 419 2154 et
436 2118 496 2168 sqq.
514 2119 601 2169 usque
618 2107 654 2155 uu
671 2105 741 2155 Oud.
774 2102 818 2154 Gi.
837 2107 914 2169 aaz
932 2102 961 2164 S.
977 2106 1028 2154 o.
1192 2102 1196 2111 '

215 2186 279 2224 curn
296 2174 392 2236 panto]
428 2173 504 2223 Inter
520 2176 589 2225 haec
600 2175 687 2224 Varo.
701 2175 742 2223 st.
758 2172 807 2224 Gr.
824 2174 852 2226 b.
868 2171 911 2222 cl.
929 2174 1000 2226 oud.
1017 2168 1050 2225 td
1066 2169 1232 2223 interiectum

181 2243 299 2307 habeut,
324 2243 395 2306 quud
418 2241 519 2306 legitur
543 2242 572 2293 in
591 2243 617 2292 S.
636 2241 715 2294 Laid.
732 2242 767 2292 A.
786 2240 839 2295 ox.
857 2242 919 2293 Pet.
938 2237 1160 2310 „aliisque⁴‘·tn
1177 2240 1232 2290 cod.

181 2311 262 2363 tarr.
278 2308 329 2363 Dr.
346 2311 377 2362 B.
395 2310 479 2362 Viud.
495 2309 552 2362 01¹¹.
569 2313 597 2362 et
615 2323 633 2362 a
649 2322 685 2362 m.
702 2321 726 2359 s.
744 2309 826 2362 Goth.
843 2313 895 2377 A,
913 2310 1105 2363 omissum'est
1117 2308 1147 2361 in
1160 2308 1232 2361 carr.

180 2381 250 2445 Bag.
267 2382 302 2433 N.
319 2380 404 2431 Voss.
423 2378 466 2431 cl.
482 2378 596 2444 reliquis
611 2380 680 2431 ond.
699 2379 785 2444 Bong.
803 2379 839 2430 A.
855 2379 905 2431 Dr.
920 2383 955 2432 A.
967 2380 1050 2433 vrat.
1063 2378 1145 2430 ABG.
1159 2378 1232 2430 Goth.

182 2450 205 2500 B
229 2451 258 2502 et
280 2462 298 2500 a
321 2461 356 2499 m.
381 2460 423 2511 pr.
443 2452 478 2500 A.
496 2448 579 2501 vinu.
597 2449 656 2498 AD.
674 2448 770 2499 Hamb.
789 2446 895 2499 Parias.
913 2450 985 2500 liar.
1002 2451 1038 2499 A.
1055 2455 1086 2498 et
1099 2449 1160 2498 odd.
1176 2448 1232 2497 rell.

179 2520 239 2572 Hos
265 2518 417 2583 sequendos
440 2517 546 2581 putavi.
580 2517 798 2570 Administrare
816 2529 865 2578 per
882 2512 913 2568 ie
931 2527 975 2570 oso
989 2527 1104 2581 operam
1120 2518 1232 2568 debitum

180 2599 232 2638 seu
256 2587 442 2639 necessariam
466 2589 544 2638 dare.
579 2587 626 2638 sio
650 2587 725 2639 intra
749 2599 774 2636 a.
799 2588 835 2637 29
858 2586 886 2647 S.
901 2590 920 2638 2
936 2599 1029 2653 nenne
1044 2588 1107 2638 atta
1125 2586 1232 2639 nostris

180 2658 312 2724 facultas
336 2656 390 2708 ant
412 2654 641 2709 administrandi
662 2657 715 2709 aat
731 2655 897 2707 nuntiandi
914 2656 1054 2710 dabatur.
1079 2664 1108 2706 c.
1122 2659 1159 2708 31
1177 2656 1232 2718 §.t

179 2739 246 2779 eam
264 2737 374 2778 samma
390 2726 487 2777 stadio
504 2740 523 2779 a
540 2724 678 2781 militibus
693 2724 966 2795 administraretur.
989 2740 1043 2791 quo
1060 2726 1122 2776 looo
1134 2725 1166 2789 td
1178 2727 1232 2789 post

178 2808 246 2848 eam
271 2796 356 2859 vulgo
379 2794 498 2845 additum
523 2794 634 2846 eudicus
658 2794 723 2846 item
741 2794 835 2844 deleri
851 2795 952 2847 iubent.
976 2796 1012 2864 7,
1031 2796 1067 2846 ol
1087 2797 1233 2849 eucratas

178 2864 384 2930 equitatusque
401 2863 543 2930 equitans
558 2864 698 2915 Romanis
714 2862 1006 2935 administrantium,
1034 2877 1109 2933 qnos
1132 2867 1162 2920 et
1186 2879 1232 2920 ne-

178 2934 258 3004 qotto
273 2934 480 3000 praefecerat,
494 2933 635 2986 celeriter
652 2933 880 2986 transnattttar.

212 3005 282 3055 nora
297 3002 410 3054 circitor
426 3003 481 3052 disi
498 2998 610 3064 quarta]
646 2998 705 3067 iios
722 3002 818 3054 ordine
832 3004 892 3054 edd.
904 3008 968 3052 auto
982 3002 1053 3054 oud.
1066 3002 1164 3055 amnes
1178 3017 1232 3056 aun

177 3071 264 3135 Boug.
279 3074 315 3124 A.
339 3071 422 3124 vina.
440 3071 542 3124 BDEA'.
559 3079 587 3121 et
605 3083 623 3122 a
639 3084 682 3120 me
700 3069 760 3135 ipso
783 3069 853 3125 visls
875 3071 1002 3123 omnibus
1024 3081 1140 3135 praeter
1156 3088 1232 3126 unum

178 3140 263 3194 viad.
281 3141 332 3207 A,
356 3138 387 3190 in
411 3153 465 3203 qno
487 3140 610 3193 circiter
632 3143 696 3202 post
720 3138 781 3193 diei
797 3141 915 3203 positam
931 3143 994 3208 ast,
1015 3154 1099 3206 quarn
1115 3145 1232 3196 colloca·

114 3246 119 3254 -
177 3209 279 3262 tionem
292 3210 322 3260 iu
340 3207 486 3260 ex.1‹'aor.
504 3209 626 3260 numeris
644 3221 728 3274 super
744 3210 839 3260 verbis
857 3212 917 3261 siue
941 3210 1045 3262 nuituis
1069 3212 1173 3267 indicio
1195 3215 1231 3266 si·

177 3280 337 3345 gnificatam
355 3280 423 3330 ond.
440 3279 524 3332 tacita
542 3277 654 3340 recepit.
681 3277 748 3331 Cum
763 3280 868 3331 Caesar
881 3281 1001 3332 solvisse
1014 3281 1107 3332 dictus
1122 3284 1160 3334 sit
1174 3285 1232 3336 ter·

176 3351 222 3404 tta
246 3349 364 3417 aiattia,
385 3360 456 3412 quau
479 3360 548 3410 pars
570 3348 660 3400 uootis
685 3351 743 3413 ast,
766 3351 889 3418 tempus,
898 3363 965 3487 ‘aa
981 3349 1110 3415 attigerit
1126 3354 1231 3408 Britan-

143 3518 206 3559 uem
226 3502 319 3558 Divin.
331 3501 361 3554 iu
381 3504 464 3556 verr.
478 3517 504 3554 o.
519 3505 569 3568 to,
589 3503 668 3553 ouius
703 3504 829 3555 ¹nundum
850 3516 920 3567 quae
941 3506 1011 3557 naso
1028 3505 1232 3570 interpretanda

143 3578 181 3628 aa
199 3568 442 3638 Fam.eqiisr01am
464 3576 513 3640 ao,
537 3574 573 3626 77
597 3574 668 3623 inem
711 3582 775 3624 suns
789 3570 852 3636 aad>
864 3569 1169 3649 osessaaanqamea,
1183 3580 1232 3638 das

147 3645 193 3696 vir
211 3647 308 3696 doctus
327 3645 363 3693 ad
383 3643 497 3694 eundem
511 3642 602 3694 datam
616 3656 669 3705 pu·
711 3643 875 3709 anamma.
1059 3656 1062 3661 '

144 3717 196 3767 tat.
232 3713 360 3764 ueterum
373 3714 669 3777 huicquoqueparoom
763 3712 790 3773 S.
804 3717 831 3764 2.
865 3714 940 3777 ipss]
964 3711 1079 3766 Gaesar
1093 3717 1231 3779 opponitur

147 3782 301 3839 exercitas
325 3783 448 3849 retiqat'
465 3783 526 3832 dari
552 3795 668 3832 necesso
710 3780 857 3847 equitibuS,
874 3782 1061 3846 quiquoniam
1071 3787 1230 3839 tardiusasl·

144 3855 216 3920 tuit,
240 3851 285 3902 uui
308 3849 397 3905 minor
412 3842 593 3915 interpunctio
607 3863 667 3903 ma·
710 3850 951 3920 ministraverant,
970 3851 1072 3905 tuanen
1083 3858 1229 3920 tempestu-

131 3910 190 3988 ἐἰσ
217 3919 361 3984 contenit,
391 3932 471 3985 qnam
492 3931 562 3985 quae
582 3922 668 3986 vulgo
701 3928 737 3971 to
752 3921 875 3972 destituti
894 3921 966 3973 idem
984 3924 1170 3978 eiicerevnon
1185 3938 1230 3990 po-

147 4000 211 4045 auto
225 3994 293 4041 iraoc
307 3989 383 4041 tacta
396 3998 440 4040 est
451 3990 577 4040 maxima.
706 3991 830 4043 tuorunt.
865 3992 955 4056 Atque
976 3993 1030 4044 hoa
1044 3994 1136 4056 ipsum
1150 3997 1230 4048 etiam

197 4058 264 4122 cap.
277 4057 365 4117 aas.
379 4059 406 4108 1.
441 4059 492 4109 His
512 4057 667 4111 constitutis
711 4060 926 4112 subandiendum
943 4073 1030 4126 eoque
1043 4076 1229 4120 nantoansan

145 4128 244 4197 ttius]
261 4127 392 4182 ‘vanua
405 4129 440 4182 aa
454 4141 478 4181 o.
494 4128 553 4196 os.
568 4128 602 4198 5,
616 4142 668 4183 aa·
710 4129 874 4198 aquitanus
893 4133 1072 4192 toteroutarr
1085 4133 1140 4189 ost.
