2572 4688
124 239 195 311 282
384 236 460 307 1)ss
485 235 669 308 813be
699 236 951 311 GALLICO

126 423 206 491 dere
220 430 256 493 et
270 425 394 493 castula
409 426 495 509 eatis
513 425 676 515 praesidii
690 426 899 515 relinquere,
920 426 971 495 ob¹
981 449 1057 495 eam
1074 450 1209 499 caueam

125 516 236 580 minua
254 512 426 580 commode
448 512 649 581 frumentum
669 523 957 605 commeatumque
977 516 1046 585 eibi
1065 539 1132 607 cup
1158 540 1210 585 or-

125 602 212 680 iani,
239 600 276 668 in
293 600 367 668 diee
383 600 529 677 boetium
551 624 724 675 numerum
742 605 876 699 augeri,
896 626 962 671 nou
983 540 1208 672 cunctandum

83 693 105 755 8
124 688 347 770 existimavit,
359 690 455 778 ,quin
468 712 587 778 ‚pugna
607 689 816 763 decertaret.-
875 690 952 759 Hac
973 714 1012 759 re
1033 690 1080 759 ad
1099 693 1209 759 conai-

123 777 207 841 lium
228 776 359 858 delata,
379 776 440 843 ubi
453 799 566 845 omnen
580 775 668 845 idem
682 779 810 845 eentire
823 777 1010 859 intellexit,
1031 778 1211 867 poetarum,

123 862 211 929 diem
224 887 355 955 pugnae
369 864 557 933 coustituit.
620 868 677 934 24.
699 862 900 939 Primuluce
914 864 1092 955 productis
1104 867 1207 935 omni·

121 949 185 1017 bns
202 954 321 1043 copiis,
333 950 463 1105 duplici
477 952 549 1020 acie
561 950 731 1032 instituta,
743 954 880 1041 auxiliie
893 954 929 1021 in
942 953 1086 1021 mediam
1102 957 1206 1023 aciem

80 1046 102 1105 2
123 1038 295 1122 coniectis,
316 1041 375 1126 qui
411 1039 670 1107 boetesconoilii
683 1048 854 1130 caperent,
875 1042 1108 1130 exspectabat.
1159 1040 1204 1109 ll·

121 1128 168 1206 ii,
203 1129 270 1211 etei
296 1135 436 1217 propter
459 1127 708 1195 multitudinem
727 1135 764 1195 et
785 1136 931 1195 veterem
955 1129 1039 1196 belli
1062 1130 1202 1213 gloriam

120 1217 392 1303 paucitatemque
416 1214 608 1282 nostrorum
629 1236 667 1281 ee
688 1220 765 1281 tuto
791 1214 1011 1282 dimicaturae
1032 1218 1203 1299 existima-

120 1306 221 1387 bant,
248 1314 361 1371 tanton
381 1302 491 1371 tutiue
508 1324 583 1371 esee
602 1300 856 1371 arbitrabantur
868 1304 1021 1373 obeeaeie
1036 1304 1103 1373 viia
1117 1310 1202 1373 dom-

188 1494 374 1556 cxietimtvit]
398 1493 516 1560 putavit
532 1494 607 1546 held.
625 1495 660 1545 A.

186 1567 253 1628 Gap.
268 1566 311 1618 24.
328 1565 357 1627 S.
371 1567 398 1617 1.
432 1564 577 1624 coniectie]
600 1563 649 1615 (lu.
667 1564 696 1615 Β.
710 1564 780 1614 And.
798 1563 849 1614 ox.
864 1571 892 1615 et
904 1576 961 1615 rec.
975 1563 1059 1617 Febr.
1071 1566 1156 1617 Voce.
1169 1566 1200 1616 Δ.

153 1636 282 1688 collectio
300 1635 408 1701 „louge
426 1635 534 1693 plurimi
551 1633 605 1684 nei
622 1633 788 1694 aliorumque
805 1646 867 1684 cum
885 1636 935 1686 ild.
950 1632 1035 1685 inc-‘⁶
1051 1635 1112 1686 Pet.
1129 1637 1200 1688 ecte

154 1706 232 1771 Itgm.
251 1708 319 1756 ιον.
337 1705 387 1755 Lb.
408 1702 467 1753 i'ttl·
486 1704 563 1753 cerr.
581 1704 640 1752 cod.
657 1702 763 1753 Turris.
780 1703 844 1753 VV.
862 1701 916 1755 (lc.
932 1704 998 1754 Vre.
1015 1702 1045 1754 in
1061 1705 1127 1754 Noc
1142 1706 1198 1756 cod.

151 1776 245 1825 ilraut.
267 1776 351 1838 Bong.
376 1773 410 1822 A·
434 1772 483 1821 ilr.
508 1773 565 1821 All.
583 1771 664 1822 Vrat.
686 1768 766 1821 aec.
790 1772 870 1820 (lotia.
887 1772 917 1821 il.
932 1772 986 1823 [in.
1004 1773 1104 1823 iiamb.
1121 1774 1199 1825 viui.

150 1844 221 1895 Alli.
239 1846 311 1894 liar.
330 1845 365 1892 A.
382 1841 530 1891 concocta
549 1875 570 1910 „
577 1840 759 1891 recentissimi
767 1838 786 1870 “
804 1841 884 1892 Gotir.
901 1843 934 1889 A.
947 1841 1030 1895 Vini.
1046 1842 1126 1894 citu.
1142 1844 1199 1893 edi.

150 1922 215 1963 cute
232 1914 307 1963 scat.
330 1909 457 1967 collectis
481 1911 534 1960 etei
561 1912 707 1959 secuudum
724 1920 776 1974 ca,
799 1908 913 1972 quaein
929 1912 991 1961 adn.
1008 1925 1049 1962 cr.
1067 1914 1104 1962 ad
1117 1916 1150 1974 2,
1164 1915 1198 1965 28

149 1981 209 2042 §.t
233 1982 307 2033 dicte
331 1986 409 2046 suut,
441 1978 551 2029 delendi
567 1978 825 2044 percutiebatur,
851 1984 943 2029 tamen
959 1991 1021 2031 cnm
1037 1981 1198 2043 rationalia

150 2046 1198 2182 citatur,intelletibilis,⁰tlltttl¹lt⁸tltltltitt⁰

148 2190 212 2238 dum
237 2186 348 2251 putavi,
376 2187 446 2249 quod
462 2194 491 2236 et
512 2149 643 2249 origiuim
658 2184 768 2236 dedieee
785 2184 867 2236 alteri
884 2194 913 2236 ct
930 2185 982 2237 vili
999 2189 1109 2253 pretio,
1131 2191 1196 2254 quoi

148 2257 260 2308 auxiliis
282 2258 345 2308 istie
369 2255 504 2306 statueret
525 2254 646 2307 Graeeue
662 2254 716 2314 (ct.
733 2267 760 2305 c.
773 2253 809 2307 2⁵
825 2254 854 2317 8.
869 2257 900 2315 1)
915 2254 1097 2321 significando
1113 2258 1196 2323 magle

147 2327 297 2379 convenire
312 2325 463 2375 videretur.
570 2322 576 2330 '

183 2398 210 2457 8.
227 2401 253 2449 2.
288 2395 520 2459 paucitatemque]
551 2405 616 2444 cara
636 2389 786 2456 paucitate
811 2390 891 2442 Golia.
909 2393 944 2441 A.
961 2403 981 2442 a
996 2406 1034 2445 m.
1052 2408 1096 2457 pr.
1126 2396 1196 2446 idem

149 2467 231 2526 poulo
249 2468 310 2528 poet
325 2478 357 2516 ae
374 2477 393 2515 a
408 2477 444 2514 ιιι.
465 2475 507 2524 pr.
526 2474 580 2514 uon
597 2462 678 2512 babet
693 2461 722 2511 et
738 2473 787 2523 pro
803 2460 1010 2514 ectsttmalcct
1023 2464 1132 2517 excitet
1142 2478 1195 2531 prt-

147 2535 265 2601 talam,
288 2534 399 2587 incolite
414 2532 520 2586 mione
537 2533 573 2585 ab
588 2528 701 2595 reliquie
716 2530 841 2583 cuniam
856 2530 1027 2597 discrepans.

111 2722 259 2777 difficulter
270 2717 329 2773 aeri
340 2717 566 2771 animadvertisne
576 2731 631 2769 uon
673 2706 837 2779 interponite
849 2715 961 2783 coxida,
975 2716 1049 2771 eliae
1062 2720 1097 2771 ed
1110 2721 1193 2773 locere

111 2793 238 2858 videtur,
260 2800 329 2841 ute.
348 2804 374 2841 c.
390 2792 424 2855 1,
443 2790 476 2840 11
501 2786 631 2840 Ambarri
674 2799 724 2836 eeu
744 2786 772 2836 iu
793 2786 846 2837 alie
865 2786 995 2838 collocari
1011 2790 1109 2855 eolica,
1134 2790 1193 2852 pule

110 2856 260 2913 caecarent
281 2860 425 2917 certiorem
443 2857 549 2908 iaciunt
567 2868 631 2909 scae
672 2868 727 2907 nou
737 2854 881 2927 legionarii
892 2856 992 2907 milites
1004 2858 1094 2923 eraut,
1108 2860 1191 2911 eciem

110 2930 291 2996 depopulatio
311 2927 392 2995 oprta
410 2922 469 2978 nou
488 2926 576 2993 focile
595 2924 630 2977 ab
672 2923 756 2975 nihilo
783 2924 872 2975 mutue
899 2923 1035 2987 duplicem
1055 2928 1191 2991 relinque·

110 3000 222 3066 oppldte
243 2999 302 3051 ciro
321 2997 447 3047 hostium
464 2994 629 3061 protollere,
672 2994 755 3061 bant,
797 2988 852 3044 ucri
881 2993 1017 3057 triplicem
1047 2996 1191 3063 faciebant,

110 3074 159 3122 aut
178 3070 214 3134 7,
230 3064 265 3120 48
287 3064 444 3136 defatipoti
463 3077 521 3115 aton
540 3064 628 3131 focile
671 3074 742 3127 quac
763 3062 991 3127 intercidisset,
1015 3064 1041 3115 ei
1053 3065 1193 3128 legionarii

109 3142 242 3193 recentes
255 3139 343 3203 otpae
356 3136 487 3201 inteprec
501 3134 630 3185 sustiue—
672 3132 808 3194 tuissent,
826 3138 856 3181 ut
869 3134 939 3181 hunc
953 3133 1042 3193 ipsum
1059 3135 1148 3185 iocum
1162 3136 1192 3185 il-

2 3210 4 3215 '
110 3209 196 3273 ient,
225 3206 323 3271 quibua
341 3203 410 3256 iocie
431 3217 477 3254 ree
494 3200 549 3255 tam
568 3200 630 3253 tieri
672 3199 796 3251 lustrans
810 3202 1059 3253 docuitsaimasiue
1073 3204 1100 3253 in
1114 3216 1191 3265 opere

110 3285 208 3341 caepta
221 3274 399 3339 significatur.
434 3274 487 3322 Sed
501 3274 536 3323 cd
554 3270 631 3322 iliam
673 3272 814 3331 posthumo
834 3271 868 3318 de
887 3283 917 3318 re
937 3270 993 3322 mil.
1007 3274 1152 3326 Romanor.
1166 3288 1189 3338 p.

108 3347 242 3403 rattoucm
281 3357 360 3408 qnam
378 3342 477 3393 Graeci
497 3339 632 3403 particula
673 3338 1076 3401 circumcurrentem.
1094 3340 1121 3393 4.
1199 3383 1204 3393 .

110 3412 147 3471 ὅν
160 3411 553 3477 iuduitrvoaddltadeclaraut,
569 3423 631 3461 cum
725 3407 789 3472 quid
808 3410 900 3458 nostes
925 3409 1033 3459 concilii
1055 3416 1190 3475 caperent,

109 3483 203 3539 lentini
228 3484 289 3534 tere
313 3484 362 3533 aut
381 3481 502 3530 futurum
525 3487 630 3542 tempus
673 3477 863 3539 exspectabat]
893 3476 937 3531 Ci.
956 3480 991 3548 6,
1015 3482 1052 3530 89
1076 3478 1147 3544 qaid
1160 3480 1190 3531 oi

110 3552 229 3620 ponant,
253 3558 300 3601 auct
318 3551 432 3601 verbum
451 3561 534 3613 pocae
555 3548 630 3599 aeci·
674 3544 720 3595 itia
750 3545 971 3613 praecipiatur,
1010 3551 1189 3613 respectant.

108 3624 210 3685 ceant,
247 3618 396 3671 Gaesarem
420 3618 630 3683 coniunctivum,
673 3615 735 3664 iiao
755 3617 917 3669 auctoritate
938 3616 1023 3667 tutius
1042 3619 1127 3670 tuerit
1144 3632 1189 3669 co-

110 3705 190 3759 quem
202 3689 424 3742 conditionalem
436 3688 527 3736 dicere
539 3686 631 3751 liceat,
673 3686 778 3749 pereat
799 3697 848 3745 pro
869 3687 987 3751 coptari
1006 3690 1104 3739 essent
1119 3686 1188 3749 pesi-

104 3761 238 3815 ‚adhibere
249 3757 279 3811 io
291 3761 353 3812 adu.
365 3771 406 3808 or.
422 3757 458 3809 ad
470 3760 504 3821 2,
522 3757 556 3809 15
571 3754 599 3818 S.
612 3753 631 3807 4
674 3763 729 3806 tum
749 3762 886 3821 statuere,
908 3769 988 3819 quam
1001 3756 1093 3809 Heidii
1107 3758 1189 3808 inter·

109 3829 238 3884 vld'uuue.
673 3822 852 3885 pretationem
860 3825 948 3892 aequi,
962 3828 1188 3891 secundumquem

86 3894 92 3913 ‘
674 3893 766 3942 bostce
790 3890 844 3943 iam
863 3894 920 3943 tum
939 3895 1081 3947 consilium
1102 3895 1189 3957 cepia-

28 3996 32 4001 -
104 4018 109 4026 ,
160 3964 229 4029 dap.
249 3961 294 4017 24.
318 3961 346 4023 S.
366 3965 393 4015 1.
434 3958 535 4024 duplici
555 3958 630 4021 acie]
673 3961 755 4023 baut,
778 3963 847 4022 quod
861 3965 943 4024 quale
959 3973 1051 4029 esset,
1074 3965 1189 4015 ecltnrus

111 4038 214 4089 Dextro
225 4044 254 4084 et
266 4031 377 4083 eirrietro
390 4043 473 4082 coruu
486 4046 533 4094 por
545 4030 631 4082 iuter·
673 4029 752 4081 brevi
766 4029 885 4081 craesus
897 4033 923 4085 id
936 4032 1024 4099 ipeutu
1033 4038 1188 4107 exspectat·

112 4107 370 4169 vallumacpateto.
403 4100 631 4167 impubemque
674 4099 865 4157 ecdicerctur.
