2572 4688
299 272 302 274 ’
377 288 599 403 tiu.111t
639 224 763 366 car.
791 293 835 362 ιι
1056 237 1153 374 ιιι

63 486 184 550 rantra
207 476 275 548 vim
298 485 401 569 atquo
428 477 593 636 inflatum
613 478 763 548 fluminis
783 470 944 551 conuersa
963 485 1150 559 statuebat.

62 571 159 639 Haeo
172 576 316 655 utroquo
327 568 467 658 iusuper
503 566 693 658 ipotlalibus
701 567 857 638 trabibus
865 569 1028 653 inmissis,
1042 596 1148 662 quun·
1169 584 1193 652 6

64 667 139 771 tum
162 679 278 724 eorum
299 656 469 744 tignorum
491 658 649 733 iunctura
672 654 843 741 distabat,
870 656 960 728 binis
978 661 1151 753 utrimque
1180 672 1185 738 l

134 846 162 909 s.
175 851 203 899 6.
236 847 371 910 inmissle]
393 850 476 915 Bocg.
493 853 528 903 A.
544 848 627 902 Viml.
643 848 677 900 A·
695 860 750 902 nou
766 849 845 904 imm.
866 850 1003 913 (inmissa
1019 851 1096 908 Lcii.
1113 857 1151 911 A.

97 919 195 970 mistio
212 919 312 971 lienb-
330 919 472 984 bipedm
488 921 586 973 trabea
601 917 746 973 tmnslsm
758 946 792 961 -
806 922 982 976 distinebant
997 924 1152 980 nomman-

72 1012 76 1017 ·
97 1001 152 1041 nas
169 1000 204 1038 er
221 988 434 1055 „vetumissirro
451 986 573 1042 codice“
590 989 684 1040 nescio
701 991 872 1052 proritari.)
911 994 914 1001 '

132 1057 289 1124 utrimque}
312 1059 389 1123 Egm.
410 1055 468 1111 sao.
492 1059 577 1113 Fabr.
598 1059 684 1127 Boug.
705 1060 742 1112 A.
767 1059 850 1114 Viro·
872 1060 910 1114 A.
934 1070 988 1114 uon
1005 1084 1040 1102 ··
1052 1059 1151 1130 tuque

96 1127 257 1192 utromque
273 1125 356 1179 viui.
372 1127 397 1180 l.
1131 1174 1135 1185 .

64 1310 94 1364 ln
113 1323 148 1364 ao
164 1313 254 1364 locum
273 1310 413 1365 contraria
430 1312 498 1364 laec
510 1310 587 1379 tigna
629 1315 661 1365 ui
675 1313 791 1366 alterum
804 1311 917 1380 propius
929 1312 965 1370 ab
977 1315 1089 1384 iontem,
1106 1318 1153 1371 al·

64 1384 206 1446 ommni,
229 1384 310 1446 plane
325 1393 393 1444 opus
411 1385 472 1433 erat
490 1384 521 1434 ut
537 1385 586 1433 ‹le-
630 1390 717 1434 terum
742 1385 778 1435 ad
797 1385 894 1436 ostium
915 1383 1033 1436 iluruiuis
1058 1389 1153 1440 ιᾱιιιο-

63 1452 246 1517 monstraret,
270 1464 305 1503 ne
324 1451 431 1502 dublum
445 1452 588 1517 relinque·
628 1460 711 1519 reat,
745 1455 891 1516 trabesque
914 1453 1028 1517 iusuper
1054 1454 1153 1507 inmis-

63 1522 158 1585 retur,
174 1522 262 1570 utrum
275 1533 373 1587 supra,
392 1532 428 1571 au
441 1519 514 1573 inira
527 1522 585 1587 illa,
629 1534 677 1574 sas
697 1522 893 1587 interpretatur
919 1521 1153 1587 superimpositas.

64 1601 136 1653 qnae
149 1591 296 1641 secundum
313 1590 412 1641 iumen
426 1592 587 1651 procumbe·
629 1591 680 1643 oui
692 1591 808 1643 maxime
828 1594 981 1658 repugnant
999 1595 1086 1646 verba
1103 1608 1152 1646 sa-
1193 1636 1198 1645 .

63 1660 146 1725 bont,
163 1659 253 1720 posita
271 1667 372 1709 essent.
423 1659 518 1722 ltaque
531 1672 585 1711 nou
628 1659 748 1724 quentia.
890 1720 894 1729 ,

65 1741 128 1779 cum
143 1724 382 1793 comedentibus,
398 1728 447 1777 seil
460 1740 520 1778 cum
537 1741 585 1778 sc-
680 1729 808 1793 quantum
828 1738 920 1779 eorum
939 1727 1074 1793 tignorum
1087 1729 1152 1783 inu-

64 1797 209 1861 qaentibus
222 1799 289 1848 baec
302 1799 387 1848 verba
400 1795 586 1861 coniungenda
629 1804 709 1848 clarc
726 1797 860 1858 distabat]
896 1797 929 1848 lu
948 1798 990 1849 bis
1011 1803 1152 1865 quamam

65 1874 146 1933 sunt,
170 1870 251 1930 atque
265 1866 305 1916 ita
318 1875 346 1916 et
359 1866 539 1926 comparativi
558 1867 587 1916 et
628 1879 744 1917 necesse
762 1868 807 1917 est
825 1867 964 1918 referatur
981 1869 1017 1919 orl
1035 1869 1152 1935 Μιιιιὶα·

63 1934 275 1998 praepositionis
286 1936 356 1986 ratio
369 1932 542 1997 perspicitur.
628 1936 716 2003 libas,
740 1947 810 1999 quae
824 1934 978 1988 crassitudo
993 1940 1041 1988 vel
1055 1941 1152 1992 latitu-

117 2003 183 2066 §.o
217 2002 497 2066 iusuper-inmissis
527 2003 586 2054 Ai—
629 2007 664 2056 ιιι
684 2012 759 2056 tanta
779 2007 854 2071 erat,
881 2007 1008 2069 quantum
1028 2005 1152 2062 binorum

65 2073 155 2125 rerbli
171 2072 392 2137 significationem
405 2080 480 2123 recte
526 2073 587 2123 cla-
629 2073 762 2138 tignorum
774 2073 1050 2126 luterseiuuctorum
1064 2076 1152 2129 intar-

63 2142 140 2195 ruvlt
153 2143 220 2195 oud.
235 2140 345 2194 collatis
358 2141 428 2195 locis
441 2143 470 2209 7,
482 2143 517 2209 23
530 2141 587 2192 ali·
629 2144 735 2194 vallum
761 2140 789 2203 S.
808 2147 835 2195 3.
861 2145 1071 2196 demonstratum
1092 2151 1136 2198 est
1141 2159 1152 2210 ι

64 2225 100 2263 iss
115 2212 237 2276 imper
250 2212 323 2263 ardo
337 2210 477 2263 adiicitur
490 2210 587 2261 etclv.
629 2215 701 2277 quod
718 2212 810 2276 ipsum
829 2210 868 2262 ibi
888 2214 958 2265 banc
983 2213 1152 2277 potissimum

64 2283 91 2345 2,
110 2283 334 2348 sermonesque
349 2282 469 2346 insuper
480 2278 588 2332 inuoc—
629 2283 664 2334 cb
684 2294 743 2347 rem
756 2290 803 2340 ¹cst
823 2281 1051 2354 demonstratum,
1081 2287 1153 2348 quoii

63 2352 150 2404 ruer.
200 2350 328 2401 Pluribus
353 2351 430 2416 tigna
454 2351 505 2402 illa
524 2349 588 2402 bina
630 2352 666 2404 ad
679 2363 755 2412 eam,
782 2350 810 2400 iu
829 2362 883 2415 qua
905 2363 977 2403 nunc
996 2365 1151 2420 versamur,

64 2418 185 2486 ¹viriculis
197 2431 247 2470 seu
260 2418 366 2482 copulis
386 2421 464 2469 eraut
483 2418 587 2484 iuncta,
629 2417 819 2482 descriptionis
836 2426 941 2484 partem
961 2421 1033 2472 scitu
1050 2435 1152 2474 neces·

63 2496 95 2540 ut
110 2488 232 2554 pluribus
244 2488 313 2542 locis
328 2486 427 2538 inmitti
447 2488 541 2537 trabes
559 2486 588 2537 in
631 2489 736 2539 sarium
750 2495 833 2538 esset.
856 2488 944 2539 simili
959 2489 1093 2542 brevitate
1105 2493 1151 2544 ln·

64 2570 102 2611 aa
112 2558 238 2620 passeris
257 2559 401 2622 propterea
412 2554 532 2619 insuper
543 2553 590 2605 iu·
630 2557 678 2608 ira
694 2570 718 2606 c.
739 2557 774 2608 at
794 2558 863 2617 extr,
890 2559 1030 2622 quantum
1047 2560 1153 2613 uictum

64 2626 170 2679 missae
190 2629 331 2678 dicuutur:
368 2619 433 2678 obsit
454 2617 587 2688 bittiaco
629 2625 763 2675 videmus.
795 2623 995 2677 Felibauscbio
1008 2640 1074 2679 vero
1086 2637 1151 2681 arta

64 2693 144 2762 test,
167 2694 195 2818 ιι,
215 2690 263 2757 boii
282 2688 316 2754 ste
337 2689 385 2755 otti
410 2691 454 2746 bot
473 2689 586 2768 obstitit
630 2696 770 2759 waiam
789 2693 1000 2746 subaudiendum
1017 2708 1061 2751 ese
1081 2700 1150 2750 tan-

64 2760 170 2822 fflrrbitt
188 2776 242 2830 aug
252 2758 335 2818 belec
349 2753 514 2828 &tigisitani
528 2770 586 2829 ploti
629 2767 677 2816 tae
690 2761 888 2829 lassitudinis,
904 2761 1045 2818 iunctura
1058 2771 1151 2819 autem

64 2831 137 2900 §dita
151 2829 232 2898 birico
246 2831 363 2898 robatia-
380 2832 500 2883 Verbum
513 2831 587 2882 Ges-
628 2832 833 2896 interpretanda
860 2844 1005 2896 compages
1026 2835 1151 2888 binorum

64 2917 150 2956 marus
169 2906 197 2955 ai
209 2901 382 2954 Forcelliuus
395 2912 430 2951 ax
442 2899 521 2951 libris
534 2899 586 2952 10·
628 2903 762 2966 tignorum
781 2907 969 2973 utrorumqu03
993 2907 1061 2968 quod
1073 2905 1152 2968 pari·

64 2981 154 3025 torum
172 2972 272 3023 docent
291 2970 384 3034 propia
402 2966 502 3033 ilctum
522 2981 586 3020 esse
630 2980 674 3022 ter
691 2983 710 3023 a
726 2980 794 3020 vero
815 2968 951 3022 abhorret.
997 2974 1151 3038 Largituilo

64 3044 100 3092 ile
114 3041 199 3106 tignis
212 3042 240 3091 et
253 3040 375 3092 trabibus
390 3049 424 3089 eo
445 3033 587 3106 porrectis,
630 3040 702 3093 enlm
725 3038 843 3090 trabium
869 3039 1025 3095 intercatto
1044 3044 1150 3106 pedam

64 3109 115 3162 ubi
132 3109 316 3175 requiescant.
350 3109 408 3158 Nec
427 3108 512 3158 multo
531 3105 588 3156 ali·
631 3110 848 3176 quadragenum
863 3107 888 3170 S.
903 3107 920 3160 5
935 3117 990 3160 tam
1009 3121 1085 3165 certo
1106 3116 1151 3165 est

64 3188 110 3231 ter
128 3181 210 3231 Alex.
228 3182 244 3230 i
264 3190 303 3231 aa
322 3173 463 3243 aedificiis
489 3176 588 3228 αιιιιιιι
630 3178 757 3243 delinita,
775 3177 920 3229 utiterum
936 3178 1087 3243 significari
1098 3195 1151 3235 nec

64 3248 283 3316 perforandus
300 3246 334 3298 ia
349 3245 488 3311 prosimu
506 3244 589 3298 aedi·
630 3246 753 3299 debuerit
773 3258 825 3297 uec
843 3258 911 3297 vcro
928 3246 971 3297 his
986 3249 1080 3301 verbis
1101 3252 1153 3315 ps:

64 3317 134 3386 ficia
161 3318 273 3381 arieles
295 3314 497 3385 inmitteretur.
548 3314 589 3365 vt
629 3314 730 3379 tuerit,
746 3327 860 3378 quorum
873 3314 935 3367 loco
948 3315 1092 3371 dicandum
1103 3323 1151 3372 iu·

65 3395 158 3440 antem
171 3387 236 3439 talis
248 3386 370 3439 inmissis
377 3417 389 3453 ,
409 3396 479 3453 quse
494 3383 596 3436 trabes
629 3384 698 3435 isset
802 3386 1153 3450 emutraqaeatstabanr.
1211 3394 1218 3405 ¹

64 3456 183 3507 vestiret
197 3444 296 3522 tignis,
312 3454 373 3505 lieri
384 3453 494 3519 posset,
511 3451 588 3517 tigna
629 3454 699 3504 Nam
728 3454 855 3505 unctura
880 3455 1015 3519 tignorum
1037 3458 1152 3510 (luorum

64 3524 132 3577 bina
145 3527 293 3576 secunaum
312 3522 480 3576 latitudinem
498 3521 587 3573 ilani·
629 3534 684 3575 uon
696 3529 781 3573 totum
793 3521 870 3591 illud,
888 3524 1068 3588 quouiuneiis
1081 3540 1151 3579 cun-

65 3595 111 3646 uis
124 3605 174 3644 seu
190 3593 233 3646 lta
253 3592 344 3656 posita
357 3603 420 3643 esse
437 3592 588 3658 oportebat,
630 3593 702 3659 stat,
720 3592 852 3647 sedeam
872 3589 1012 3672 utriusque
1032 3604 1162 3663 partem,-

65 3665 97 3714 ut
117 3664 233 3715 alterum
255 3674 348 3714 eorum
366 3659 478 3724 propius
498 3659 550 3713 Gal
574 3710 581 3727 ,
629 3660 788 3724 quaiuncta
801 3667 880 3724 sunt,
905 3660 1058 3726 significan
1080 3679 1150 3729 quae

65 3743 146 3800 cam,
176 3733 291 3783 alterum
310 3728 421 3793 propius
443 3728 526 3783 Germ
572 3750 589 3770 ε
630 3742 696 3792 pars
708 3728 737 3778 in
750 3728 855 3780 (luobus
873 3727 1036 3782 distantibus
1048 3733 1150 3784 iunctis

66 3813 130 3853 cam
144 3798 229 3863 ripam
246 3801 329 3850 asset
363 3800 422 3849 Nec
436 3796 519 3850 aliter
536 3800 589 3851 boo
630 3799 787 3851 necessario
804 3799 904 3862 auplex
924 3808 967 3849 est
990 3803 1021 3851 et
1040 3806 1151 3855 mutuu-

65 3873 102 3923 ab
125 3868 322 3937 interpretibus
351 3866 518 3931 intellectum
545 3872 589 3919 eso
630 3869 692 3919 dem
707 3866 807 3933 distat,
830 3869 958 3931 quautam
969 3867 1019 3921 illa
1035 3870 1149 3924 distant.
1182 3874 1184 3879 '

66 3947 132 3992 aute
159 3932 396 3990 Feldbaascbiam
415 3934 588 4002 naptarum-
630 3936 725 4000 ltaque
737 3926 867 3989 imbutis
882 3937 1083 3992 demonstratur
1099 3954 1156 3991 ex.-

66 4019 143 4075 sem,
160 4007 246 4072 qul-iu
260 4009 459 4073 programmata
475 4016 502 4057 a.
518 3997 587 4059 iiio
628 4004 793 4059 cornutum
805 4004 997 4074 vinculetur,
1020 4021 1072 4072 quo
1086 4009 1151 4062 bina

66 4077 140 4128 edito
153 4077 229 4142 tigna
247 4075 312 4129 blaa
330 4075 478 4133 securiori
497 4074 588 4147 longl-
629 4074 705 4141 tigna
716 4073 911 4138 iungebantur,
927 4087 980 4127 seu
990 4075 1078 4140 ipsius
1090 4078 1152 4130 vln-

66 4146 187 4200 tuuinan
200 4144 317 4198 luminis
333 4157 383 4199 sea
402 4144 443 4198 ιιι
459 4144 589 4217 mliccat,
629 4145 686 4199 culi
704 4144 856 4211 largitura:
892 4141 919 4207 io
939 4139 1000 4201 orit
1024 4140 1064 4201 tie
1083 4141 1152 4205 ore

862 4208 1025 4281 aar.

150 4416 157 4449 l
