2572 4688
413 215 793 345 marmus
882 270 945 387 ·“
1118 266 1150 335 u

56 453 246 543 Orgetorix
266 452 439 544 deligitur.
483 456 520 527 Is
540 457 608 527 sihi
624 456 825 544 legationem
841 449 883 521 ad
898 448 1052 519 civitates
1066 468 1144 516 sus-

56 547 181 650 eepit·
232 543 274 611 ln
293 566 334 611 eo
355 543 478 612 itinere
492 546 682 652 ‘persuadet
696 542 851 649 Castico,
872 537 1189 689 Catamantulfflsi
1253 594 1256 603 .

57 631 116 786 i:
130 627 1145 810 iltoiittttttititPiltttttirtittitim
1173 668 1192 689 ”’

58 808 252 897 appellatus
268 814 354 887 arat,
372 816 411 874 ut
424 830 563 896 regnum
575 809 610 874 in
625 809 763 875 civitate
774 829 836 873 oua
849 809 1039 892 oocuparet,
1053 795 1150 904 quod

57 903 159 984 puter
174 904 252 961 unte
269 893 451 980 habueram
483 899 631 985 itemque
646 895 852 981 Dumnorigi
864 889 1024 972 Haeduo,
1045 888 1149 954 iretur

128 1070 183 1124 sibi
204 1070 383 1137 legationem]
412 1073 460 1124 udi
473 1075 528 1138 leo.
544 1073 604 1123 Pet.
621 1073 706 1124 Voss.
729 1064 1147 1132 Au.1trn.vmt.A.ioitor
1175 1108 1193 1127 υ

92 1142 144 1194 eidi
157 1145 213 1209 iso.
231 1141 309 1192 carr.
326 1145 409 1205 Bong.
426 1142 458 1192 G.
474 1143 546 1195 Duk.
563 1142 640 1193 Leid.
659 1145 690 1192 Β.
706 1144 756 1195 Βι.
773 1144 803 1194 Β.
822 1141 903 1191 Viud.
920 1139 967 1190 lii.
985 1138 1077 1206 ἐρίων
1089 1137 1153 1203 leq.¹

91 1211 149 1263 siti
167 1212 248 1263 Vind.
264 1212 297 1261 Ε.
315 1208 409 1278 icitur
424 1211 472 1267 ott
488 1211 541 1262 siti
557 1213 612 1280 leq.
629 1212 700 1262 Veu.
718 1213 739 1265 f.
775 1209 827 1272 Qui
848 1208 896 1260 uti
918 1209 1049 1272 probant,
1075 1206 1146 1271 quod
1216 1212 1218 1221 ’

91 1280 234 1347 plerisque
258 1286 320 1341 post
344 1280 413 1331 oud·
436 1280 583 1332 editoribus
609 1281 727 1347 placuit,
758 1287 821 1345 post
836 1279 962 1344 suscepit
979 1278 1083 1326 comma
1100 1275 1147 1327 lu-=

91 1351 186 1411 ciunt3
204 1360 313 1399 ‚verum
334 1348 367 1400 tu
386 1349 546 1402 eo-ttinere
563 1351 649 1401 multo
666 1351 754 1417 magis
770 1338 847 1401 lititio
863 1345 1055 1400 enuntiationis
1078 1356 1148 1396 con·

93 1419 226 1486 veniunt,
250 1431 328 1481 quarn
347 1419 467 1481 aoodosi.
583 1458 587 1471 .

129 1487 157 1549 s.
170 1484 197 1540 d.
231 1486 491 1549 catenantaloeris]
514 1487 599 1550 song.
615 1483 648 1538 Β.
665 1490 743 1552 ligni.
756 1488 838 1540 Vrat.
854 1488 889 1537 A.
927 1486 1027 1536 liudem
1045 1484 1147 1533 ducum

91 1558 179 1620 Bong.
196 1555 230 1606 A.
247 1556 332 1606 Voss.
348 1559 383 1608 A.
396 1557 479 1609 vind.
495 1558 530 1608 A.
547 1556 711 1622 scripturas.
738 1555 982 1609 &tomentatios
1000 1554 1101 1605 tludc

93 1628 167 1679 Aido
185 1628 213 1676 et
230 1638 305 1689 seqq.
1091 1640 1096 1653 ·
1117 1644 1122 1657 ·

130 1694 224 1760 popuii
246 1693 375 1757 Rotnani]
409 1695 477 1746 ιιι.
495 1695 576 1746 Vret.
594 1694 628 1745 A.
646 1693 729 1746 Viud.
753 1693 780 1745 A
805 1706 877 1745 corr.
894 1692 977 1744 vind.
999 1691 1030 1740 Β.
1047 1689 1097 1740 Dr.
1112 1687 1149 1740 A.

93 1763 158 1815 Pet.
180 1764 258 1827 ligni.
281 1765 356 1815 [ιιι.
380 1765 414 1814 A.
431 1765 464 1817 Ρ.
481 1763 519 1817 Β.
536 1765 618 1828 Bong.
636 1764 692 1813 AB.
709 1764 793 1815 Voss
809 1766 845 1814 A.
862 1763 1056 1824 parisienses,
1067 1758 1150 1808 Vrat.

95 1834 130 1882 Β.
147 1832 246 1884 lierni.
264 1834 347 1884 Βοιιιι.
364 1834 435 1885 lien.
449 1835 484 1884 A.
500 1846 586 1897 mque
603 1845 724 1884 romano
741 1832 815 1883 Gott.
846 1835 1006 1897 populoque
1028 1837 1150 1880 remorto

94 1902 147 1953 Dr.
170 1903 201 1950 Β.
218 1903 299 1952 Vrat.
316 1902 347 1952 (i.
358 1903 439 1954 Vind.
456 1905 488 1953 Ε.
507 1902 585 1952 (ioth.
605 1903 635 1951 Β.
653 1904 712 1952 edd.
726 1910 789 1955 ante
804 1903 834 1951 Ρ.
847 1902 1011 1963 dicentium,
1030 1899 1075 1961 qui
1088 1897 1151 1954 (S.)
1183 1914 1185 1919 ’

95 1970 133 2022 Ρ.
147 1971 232 2033 Μ.
252 1971 339 2038 dedit,
367 1971 536 2035 quodetiam
553 1971 620 2022 oud.
639 1972 734 2023 tenuit.
767 1970 914 2022 caesarem
930 1972 1039 2022 litteren
1055 1967 1152 2028 singu-

95 2040 173 2092 lares
190 2040 316 2102 posuisse
332 2051 385 2091 non
402 2040 656 2103 magis-verisimile
672 2048 731 2108 est,
756 2054 836 2105 quom
852 2041 996 2105 librarios,
1019 2036 1066 2100 qui
1082 2034 1153 2084 duas

96 2117 265 2176 posuerunt,
287 2109 342 2160 tria
359 2110 493 2161 vocabula
506 2096 669 2174 significare'
680 2111 813 2163 voluisse.
838 2111 943 2174 -Neqne
955 2118 1026 2159 ¹voro
1038 2105 1154 2166 caesar,

96 2176 147 2241 qui
170 2177 254 2229 istum
275 2179 401 2230 houorern
425 2179 490 2229 alibi
510 2194 529 2231 o
550 2182 657 2231 senato
677 2181 725 2232 vel
740 2194 760 2232 a
779 2182 885 2232 senatu
900 2181 1003 2231 uestro
1022 2177 1156 2227 tributura

98 2246 167 2297 dicit
183 2246 238 2304 (ct.
257 2259 282 2303 c,
296 2248 338 2298 35.
356 2248 400 2298 tt.
417 2246 450 2310 4,
466 2250 509 2298 12.
533 2250 568 2312 7,
591 2251 658 2313 31),
685 2250 735 2298 troc
753 2261 807 2299 unc
829 2250 890 2300 loco
907 2263 927 2301 a
943 2249 1045 2300 senatu
1060 2255 1156 2311 popu-

97 2316 185 2381 toque
208 2316 340 2368 Romano
363 2316 491 2368 tributum
515 2318 619 2367 dixisse
642 2317 752 2383 videtur
781 2320 956 2381 (quamquam
980 2318 1106 2367 senatum
1125 2311 1157 2367 iu

98 2384 151 2437 illo
174 2385 284 2440 decreto
306 2398 385 2437 suurn
407 2398 469 2437 cunr
492 2387 584 2450 populi
605 2386 712 2438 nomine
735 2387 858 2438 iunxisse
875 2396 1084 2439 consentaneum
1101 2388 1158 2450 est,

98 2454 141 2504 ci.
166 2452 233 2504 Liv.
247 2457 298 2520 31,
323 2457 388 2521 11),
416 2456 466 2505 sed
488 2454 519 2504 in
541 2455 629 2516 prima
645 2463 757 2507 senatus
773 2454 889 2510 Romani
906 2452 1159 2519 commemoratione

99 2520 241 2575 addidisse
261 2524 362 2588 popuii
377 2522 502 2575 Romani
516 2528 676 2590 propterea,
702 2527 773 2587 quod
789 2529 872 2577 etiam
888 2527 1027 2577 Gallorum
1044 2530 1073 2576 et
1089 2522 1159 2580 bure

99 2592 229 2645 omrem
245 2601 357 2643 moetus
374 2595 477 2643 essent
510 2595 555 2643 Ad
578 2595 704 2655 populum
726 2603 818 2646 autem
834 2598 867 2646 de
885 2596 934 2646 iilo
952 2597 1047 2658 regulo
1070 2593 1157 2643 lotum

19 2690 22 2695 -
99 2672 219 2724 eumque
236 2668 268 2711 nt
281 2659 465 2716 Ptolemaeum
478 2663 595 2714 Auleten
612 2662 734 2725 aliosque
751 2673 780 2715 et
795 2666 1029 2715 senatusconsulto
1046 2668 1075 2712 ot
1092 2661 1156 2721 lege

99 2729 222 2783 antonna
243 2733 408 2792 appellatum
431 2742 511 2796 esse,
536 2732 605 2794 quod
622 2732 709 2792 ipsum
727 2732 831 2784 caesar
854 2734 1055 2798 significaturus
1071 2745 1091 2780 a
1106 2740 1157 2791 ,oe-‚-

99 2800 177 2851 nutu
195 2801 358 2866 populoque
381 2801 546 2862 appellatum
571 2800 685 2868 dixerit,
709 2814 761 2853 uec
784 2815 833 2866 per
849 2815 880 2853 ee
898 2800 1028 2856 credibile
1048 2811 1100 2852 nec
1118 2796 1156 2848 ab

26 2900 30 2910 ‹
100 2869 160 2921 ullo
177 2867 339 2929 romptorum
354 2869 500 2920 memoriae
515 2869 650 2933 proditum
666 2878 719 2922 est.
777 2904 781 2913 ·
1126 2908 1129 2915 .

136 2937 266 2996 Haeduo]
289 2939 370 2991 Vind.
387 2940 422 2987 A.
445 2939 530 3002 Buug.
546 2940 582 2988 A.
596 2939 689 2990 Voss.
706 2941 740 2989 A.
764 2940 853 3004 ligem,
869 2941 961 2995 dedeo
981 2936 1079 3003 reliqui
1099 2934 1156 2999 mei

102 3009 221 3069 exceptu
236 3007 319 3059 Vtat-
335 3009 369 3058 A.
387 3014 416 3057 at
431 3005 647 3069 oudendorpiani
669 3011 730 3068 (vel
746 3007 873 3072 taedeo)
903 3025 964 3061 cun
986 3010 1067 3063 editis
1090 3018 1156 3064 tute

101 3076 210 3135 Aldurn,
229 3087 307 3141 uem,
336 3075 383 3140 qui
401 3076 504 3139 primus
527 3078 674 3128 secundum
690 3077 881 3141 inscriptiones
898 3081 1026 3143 quasdam
1044 3081 1172 3143 (quales

102 3146 178 3208 apud
197 3142 328 3195 Orellium
345 3153 404 3197 tres
421 3144 543 3205 exstant)
560 3146 657 3197 Aetion
674 3148 810 3211 exhihuit,
835 3163 912 3213 quem
927 3150 995 3200 ond.
1013 3150 1041 3199 et
1056 3148 1159 3214 reliqui

79 3234 83 3243 ·
103 3215 227 3267 editores
252 3213 341 3264 secuti
365 3221 438 3265 sont.
477 3216 533 3265 Sed
553 3216 740 3267 Haeduorum
756 3216 861 3271 duitor
878 3227 921 3269 est
937 3219 966 3270 in
982 3218 1158 3283 inscriptione

104 3282 193 3335 orell·
212 3282 281 3349 360,
306 3284 475 3335 Heduorum
491 3283 519 3333 iu
536 3283 615 3337 ³4³2.
638 3286 703 3337 item
719 3287 832 3348 Haedui
848 3291 933 3340 codex
949 3289 1090 3343 Mediocris
1107 3287 1158 3339 Gi-

103 3353 181 3405 renis
203 3350 282 3409 Fera-
296 3353 331 3420 7,
354 3353 397 3403 10.
432 3353 509 3412 Quod
530 3354 698 3406 Graecorum
714 3357 875 3419 scriptorum
891 3358 955 3410 libri
971 3358 1098 3420 spiritum
1112 3357 1158 3407 le-

104 3434 170 3477 ιιιιιι
193 3419 507 3486 ιιΙιὶΙιιιιιςιιοιιιιιοιί
531 3425 650 3485 tempore
672 3424 713 3474 ita
737 3427 937 3488 pronuntiatum
960 3427 1049 3478 luisse
1071 3426 1158 3477 docu-

104 3497 196 3543 mento
208 3490 268 3553 est,
289 3490 325 3541 ad
341 3489 472 3543 casaris
488 3491 650 3561 scriptorem
666 3494 879 3548 constituendam
896 3509 948 3548 non
965 3496 1054 3561 magis
1070 3494 1160 3563 valet,

105 3570 395 3683 myrum
416 3571 483 3625 quus
506 3562 662 3617 narduinus
687 3565 724 3617 td
740 3565 812 3619 Plio.
828 3565 897 3618 M
913 3581 940 3631 n.
953 3566 1007 3620 225
1031 3562 1160 3629 ostendit,

123 3785 156 3836 is
166 3782 403 3849 unta-samem]
416 3788 519 3839 florum
528 3799 597 3841 ver-
639 3789 712 3841 Gall.
726 3791 754 3856 7,
771 3786 806 3842 52
823 3790 877 3844 atti
888 3791 945 3859 ipsi
957 3790 1097 3858 iudicare,
1113 3788 1162 3859 oui

72 3854 168 3906 butum
196 3866 306 3907 sensum
331 3866 420 3919 snpra
441 3857 597 3910 detltravi-
638 3859 691 3909 sibi
703 3858 828 3913 iudicium
842 3870 984 3927 erroguntt
1008 3875 1078 3926 quae
1099 3860 1161 3915 ιἰιιιι

71 3936 149 3975 runs:
166 3926 202 3976 ad
216 3925 362 3977 dictionem
377 3926 471 3995 center
491 3922 552 3978 etv.
568 3929 595 3996 1,
638 3939 692 3979 non
704 3928 794 3981 minua
805 3932 839 3983 ab
850 3931 960 3996 vulgari
971 3930 1096 3996 loquendi
1107 3942 1161 3983 usu

72 3995 111 4046 76
131 3998 163 4042 ιι
180 3998 213 4060 2,
234 3995 285 4061 ²⁰,
308 3995 357 4045 uti
375 3995 433 4045 sidt-
445 3997 596 4047 consiliunt
638 3999 784 4068 recedant,
799 4003 875 4055 recte
886 4008 976 4056 tamen
989 4004 1105 4069 apteque
1116 3999 1161 4051 dia

71 4072 180 4126 coquere
193 4058 350 4129 dicitur-qul
366 4076 596 4130 prosesnaeqns
638 4068 770 4122 cteeunt.
1155 4088 1159 4097 ·

72 4133 596 4203 oemnurcdonehatitaoaoititen
