2572 4688
424 220 773 317 ruauuamo'.
1104 258 1144 312 n
1208 212 1211 232 '

47 430 483 526 Asiaticac'expcditionis
505 454 529 500 a·
543 432 678 521 privato
702 434 880 522 susceptae
902 429 1066 499 rationem
1086 432 1147 502 ba-

49 543 165 610 bitam
183 547 341 607 'statuere
356 541 450 609 licet.
492 535 566 604 Nee
584 536 725 618 mirum,
754 534 844 623 quod
856 535 890 602 in
906 534 1082 603 tribunatu
1096 536 1149 604 ui·

51 645 104 712 bil
133 644 269 712 omuino
298 665 431 724 eorum,
466 662 551 729 quae
579 640 709 706 tribuni
731 644 862 720 essent,
896 641 1007 726 egisse
1029 663 1147 708 narra-

52 756 128 819 tur.
179 748 342 815 Militaris
365 747 451 812 enim
475 747 611 814 virtutis
635 751 670 809 et
693 743 853 809 scientiae
873 743 1095 830 praestandae
1111 745 1148 812 in

52 854 117 920 illa
138 851 223 917 belli
243 849 533 916 administratione
561 847 747 918 ascaloni
774 845 908 933 quidem
938 845 1002 913 sub
1030 846 1148 914 eodem

56 955 174 1025 Gellio
201 954 363 1030 militanti
392 953 488 1017 locus
516 951 622 1037 tuit„
646 950 774 1020 Caesar
795 959 906 1016 autem
928 951 983 1017 vel
1007 972 1069 1040 per
1094 952 1149 1018 bi·

56 1046 223 1124 mestrem
250 1063 489 1138 commeatnm,
522 1076 620 1142 quem
652 1055 809 1121 tribunus
836 1055 1024 1140 legitimum
1044 1055 1150 1122 habe-

57 1160 139 1240 bat,
168 1161 223 1227 vel
244 1161 320 1249 ipsa
344 1160 447 1226 officii
466 1159 596 1226 ratione
618 1159 654 1224 iu
674 1159 757 1223 urbe
777 1176 985 1225 commorans
1013 1160 1152 1247 (absen-
1189 1188 1192 1196 ·

58 1270 131 1330 tem
158 1263 247 1329 enim
272 1271 403 1330 tanturn
425 1263 579 1351 potuisse
604 1253 715 1328 minus
742 1261 958 1348 crediderim)
994 1269 1152 1330 auctores

59 1362 294 1434 restituendae
317 1360 517 1434 tribuniciae
540 1367 739 1453 potestatis,
768 1366 864 1431 carius
886 1368 953 1433 vim
977 1363 1074 1433 Sulla
1094 1365 1154 1457 de-

60 1473 251 1553 minuerat,
287 1472 480 1537 enixissime
506 1470 602 1540 iuuit.
655 1469 702 1535 Et
723 1470 784 1535 illc
805 1468 939 1556 quidem
961 1493 1045 1538 anno
1071 1470 1154 1539 Lol-

60 1575 133 1642 lius
157 1574 340 1642 Palicanus
360 1573 516 1640 tribunus
537 1572 647 1664 plebis
667 1594 739 1638 rem
760 1574 795 1636 in
812 1570 939 1639 eodem
950 1577 1154 1661 magistratu

61 1680 212 1768 primum
234 1675 555 1749 a.DcLXXV111.
578 1700 597 1742 a
622 1676 664 1747 L.
686 1675 818 1743 Licinio
839 1698 906 1745 non
928 1679 1061 1744 omnino
1080 1680 1155 1746 fru-

63 1791 141 1850 stra
167 1790 352 1864 tentatam,
383 1779 503 1847 deinde
525 1803 555 1849 a.
577 1777 792 1850 nchxx.
813 1803 832 1846 a
850 1780 893 1849 L.
914 1779 1055 1867 Quintio
1077 1803 1157 1849 con·

63 1895 120 1954 tra
142 1887 330 1957 nitentibus
352 1885 589 1974 optimatibus,
617 1890 688 1949 tum
710 1884 812 1971 paulo
826 1891 904 1950 ante
920 1884 1077 1974 Spartaci
1100 1892 1158 1953 tu'·

63 1993 214 2059 multum
236 2014 255 2058 a
277 1990 408 2057 Licinio
428 1990 542 2058 Macro
563 1997 755 2076 susceptam
776 1987 827 2052 ita
850 1987 990 2073 agebat,
1018 1997 1058 2056 ut
1080 2011 1157 2059 suc-

66 2118 206 2178 cessus,
247 2095 278 2162 si
306 2101 443 2161 strenue
471 2098 646 2177 ageretur,
687 2090 818 2179 sperari
843 2112 943 2180 posse
974 2091 1157 2168 videretur.

67 2198 142 2270 Sed
163 2198 287 2289 quibus
303 2196 516 2288 potissimum
533 2193 636 2260 rebus
651 2191 780 2262 Caesar
793 2216 866 2261 eam
880 2187 1070 2281 adiuverit,
1090 2221 1159 2268 nou

10 2298 12 2307 '
66 2312 225 2371 constat:
254 2300 384 2370 duobus
405 2297 541 2389 quidem
562 2299 657 2367 annis
673 2304 773 2390 post,¹
798 2296 1014 2390 Pompeioet
1029 2303 1157 2374 Crasso

67 2429 163 2491 coss.
180 2404 330 2495 peffecta
344 2410 407 2475 est.-
743 2406 745 2410 ’
967 2397 970 2401 ’
1109 2420 1113 2425 ’
1259 2478 1262 2486 ,

175 2508 303 2577 lisdem
332 2506 527 2575 oonsulibus
553 2510 608 2576 vel
634 2507 819 2596 designatis
842 2513 898 2580 vel
923 2511 1182 2598 magistratum

72 2613 272 2701 gerentibus
291 2611 419 2682 Caesar
438 2612 603 2680 incertum
619 2615 776 2681 tribunus
796 2614 920 2696 adhuc,
951 2639 991 2683 nn
1005 2617 1159 2706 privatus

72 2719 195 2784 uxoris
217 2717 335 2799 iratci,
361 2717 404 2788 L.
421 2715 565 2800 Cinnae,
594 2725 631 2784 et
654 2721 712 2806 qui
733 2741 808 2785 cum
825 2741 863 2785 eo
879 2721 970 2787 civili
989 2720 1160 2790 discordia

73 2819 266 2913 Lepidum,
286 2821 329 2887 cle
341 2842 407 2909 quo
424 2820 549 2890 dictum
568 2829 639 2903 est,
664 2822 771 2888 secuti
793 2817 872 2909 pos't
892 2825 965 2891 eius
985 2848 1100 2893 necem
1118 2826 1162 2895 ad

77 2924 271 2994 Sertorium
293 2928 530 3013 confugerant,
556 2925 704 2993 reditum
732 2925 767 2991 in
794 2926 962 2993 civitatem
986 2932 1162 3016 rogatione

77 3029 195 3099 Plutia
217 3030 360 3097 confacit
377 3031 561 3120 habuitque
587 3031 796 3111 concionem,
829 3053 895 3118 qua
916 3053 988 3100 eam
1014 3039 1164 3121 rogatio-

77 3149 157 3201 ncm'
176 3134 299 3206 suasit.
321 3127 401 3201 ‘Ad
423 3135 485 3200 boc
507 3133 720 3223 potissimum
736 3135 917 3202 triennium
934 3141 1163 3209 contentiones

78 3239 200 3306 civiles
214 3261 288 3304 cum
305 3236 349 3324 Q.
366 3236 489 3306 Catulo
504 3245 606 3324 atque
620 3238 696 3304 aliis
715 3239 988 3308 eminentissimis
1007 3244 1089 3310 viris
1111 3267 1165 3312 ce-

68 3343 301 3423 leberrimae,
322 3363 408 3428 quas
423 3343 575 3412 Velleius
589 3338 689 3423 dicit,
706 3343 900 3411 referendae
912 3346 1081 3418 videntur.

140 3496 145 3503 ·
187 3446 415 3515 Tribunatum
443 3452 558 3513 secuta
588 3452 643 3513 est
670 3454 852 3533 quaestura
881 3449 1008 3516 urbana
1035 3450 1167 3520 duobus

80 3553 261 3620 funeribus
287 3548 480 3631 domesticis
510 3551 635 3636 magis,
679 3573 779 3637 quam
810 3553 919 3641 ipsius
954 3553 1170 3622 administra·

60 3659 178 3723 ,tione
201 3654 429 3721 memorabilis
450 3675 510 3720 nec
538 3656 624 3721 satis
649 3662 779 3721 eertum
803 3677 833 3725 a.
855 3654 1105 3728 DCLXXXV.
1128 3682 1171 3728 an

83 3756 488 3851 DGLXXXVl..gesta.
541 3758 672 3825 Amisit
699 3765 809 3823 autem
838 3767 999 3847 quaestor
1029 3763 1171 3850 primum

82 3861 208 3931 Iuliam
224 3863 379 3946 amitam,
401 3876 487 3950 quac
500 3861 727 3949 Mario‘nupta
739 3861 861 3944 facerat,
880 3863 1000 3930 deinde
1016 3862 1173 3933 adfinem

85 3973 246 4052 vergente
274 3986 362 4033 arrno
390 3967 581 4037 Corneliam
606 3964 761 4048 uxorem,'
786 3971 822 4032 ct
839 3975 1017 4056 utramque
1038 3991 1057 4034 c
1080 3991 1173 4037 merc

87 4069 244 4142 nudavit
267 4072 490 4163 prorostris,
518 4069 641 4139 amitae
660 4092 738 4142 vero
758 4071 793 4140 in
809 4071 925 4141 tuncrc
938 4073 1041 4142 blasii
1054 4073 1173 4164 imagi·
