2572 4688
134 242 203 317 aaa
260 208 263 213 ’
398 242 472 317 uu
499 241 681 316 anano
711 243 967 317 eunuco

140 434 293 517 lumitate
315 431 358 500 de
376 440 472 503 touta
484 439 660 524 voluptate
673 441 709 503 et
722 436 948 522 gratulatione
962 436 1146 525 quicquam
1161 437 1232 506 lor·

97 521 120 589 7
141 532 225 592 tuna
239 522 459 593 daminnerat.
507 521 545 591 le
559 546 597 591 se
611 531 790 612 praesente
806 523 849 591 de
864 545 902 591 se
916 531 972 592 ter
985 524 1140 593 sortibus
1152 548 1232 593 con-

141 616 269 681 sultum
286 609 437 697 dicebat,
456 615 572 679 utrum
586 612 658 698 igni
670 611 786 679 atatim
802 619 999 696 naceretur,
1025 634 1069 679 en
1083 612 1121 680 in
1136 612 1233 683 aliud

142 706 277 788 tempus
288 705 536 768 reservaretur:
558 699 701 767 sortium
713 699 920 766 beneficiosa
930 721 1007 767 esee
1017 700 1234 774 ineolumem.

99 784 122 849 8
141 784 228 856 Item
243 787 379 853 Marcus
394 787 535 856 Mettius
550 794 707 878 repertus
721 794 758 854 et
773 787 816 854 ad
831 809 907 853 eum
922 785 1085 855 reductus
1099 796 1168 859 est.

245 877 302 944 54.
328 873 405 940 Hoc
423 876 553 965 proelio
568 882 663 942 trane
678 875 833 942 Rhenum
848 875 1001 943 nuntiato
1020 875 1144 959 Saevi,
1174 876 1235 965 qui

143 959 189 1027 ad
201 961 295 1052 ripae
307 960 419 1029 Rheni
431 971 609 1045 venerant,
632 960 767 1031 domum
782 963 908 1032 reverti
922 971 1126 1053 coeperuut3
1146 986 1234 1053 quoe

141 1047 245 1130 Vbii,
266 1043 327 1137 qui
340 1050 485 1139 proximi
496 1051 651 1118 Rhenum
662 1051 824 1134 incolunt,
847 1052 919 1137 [ut]
936 1053 1140 1141 perterritos
1156 1058 1236 1121 aaa·

143 1144 282 1219 serunt,
314 1138 460 1206 insecuti
487 1160 644 1226 magnum
670 1161 711 1206 ex
735 1140 789 1207 his
819 1160 995 1207 numerum
1023 1138 1235 1211 oeciderunt.

211 1313 240 1375 8.
261 1314 288 1366 8.
328 1314 456 1376 biettine]
484 1314 595 1370 Metius
616 1317 719 1383 „MSS
740 1317 821 1382 longe
846 1315 957 1381 plurimi
979 1323 1009 1368 et
1029 1312 1235 1368 vetustiores.“

177 1386 262 1448 Bong-
279 1385 335 1437 au.
352 1384 403 1436 cn.
417 1387 501 1438 Voss.
520 1390 555 1439 A.
571 1386 648 1452 agn.
660 1387 720 1438 Pal.
736 1388 785 1437 Dr.
797 1387 853 1438 nli.
867 1386 947 1438 Vret.
961 1385 992 1436 ὓ.
1004 1386 1086 1438 Goth.
1098 1389 1134 1437 A.
1147 1388 1236 1437 Bona.

177 1454 232 1504 tin.
245 1453 327 1503 Vind.
349 1455 429 1508 Anu.
451 1454 505 1506 ino.
526 1463 555 1506 et
573 1457 636 1507 rell·
650 1464 715 1507 ante
726 1457 798 1507 Ven.
812 1459 833 1507 i.
859 1456 971 1508 Metios
982 1459 1066 1508 Vrat.
1079 1457 1138 1505 AB.
1149 1457 1234 1506 Goth,

179 1524 210 1574 ii.
233 1522 346 1574 meotes
365 1524 462 1575 liernh.
486 1525 597 1588 (ustos)
621 1525 738 1577 Marios
759 1527 842 1590 Bong.
863 1525 895 1576 C.
917 1524 1042 1577 Petilius
1062 1525 1115 1575 ox.
1128 1522 1236 1575 Titius

178 1592 283 1659 „MSS
297 1590 376 1644 duo“
392 1593 475 1644 vinu.
488 1594 513 1646 1.
526 1595 597 1647 Ven.
611 1595 633 1645 i.
646 1603 675 1645 et
686 1608 744 1659 sqq.
761 1602 825 1647 aute
837 1595 915 1658 nipe.
927 1606 945 1646 a
959 1605 1012 1659 quo
1023 1594 1151 1646 Mettius
1163 1593 1236 1646 obti-

178 1661 247 1713 nuit.
282 1661 325 1713 ci.
338 1664 400 1714 adn.
412 1663 474 1713 crit.
487 1666 524 1716 ed
537 1677 562 1715 e.
575 1662 611 1716 47
628 1664 656 1726 S.
668 1662 696 1715 t.

215 1729 283 1793 cap.
296 1728 340 1782 ot.
364 1731 392 1792 S.
408 1733 433 1781 i.
466 1745 534 1796 quos
546 1734 612 1784 Vbii
625 1759 658 1771 -
674 1735 732 1795 [ut]
745 1730 906 1798 perterritos
921 1734 1083 1798 senserunt,
1101 1729 1235 1791 insecuti]

179 1801 222 1851 iix
242 1800 366 1851 libenani
383 1800 541 1854 coniectura
556 1803 728 1865 Stephanus,
758 1802 868 1866 Lipsius
888 1808 916 1851 et
936 1812 994 1865 sqq.
1025 1813 1098 1867 qnos
1119 1800 1183 1851 Vbii
1202 1823 1237 1838 -

92 1916 93 1921 ,
179 1870 365 1934 perterritos
377 1870 500 1924 imecurt
513 1872 690 1935 scripserunt
717 1869 833 1922 Codices
847 1878 874 1920 et
885 1872 946 1920 rell.
959 1871 1019 1920 edd.
1042 1883 1113 1935 quos
1126 1869 1175 1921 obi
1192 1871 1236 1935 (q.

180 1937 229 1988 ubi
247 1937 278 1987 bi
300 1933 379 1988 vind.
401 1941 424 1991 1.
447 1952 475 2006 q.
487 1940 535 1991 ubi
548 1942 645 1992 cuncti
663 1941 742 1991 Gerr.
767 1952 793 2006 q.
808 1939 846 1989 ibi
860 1940 945 1990 Bonn.
968 1951 995 2004 q.
1008 1939 1066 1990 moi
1078 1940 1152 1989 Duk.
1180 1950 1237 2003 otto

180 2004 240 2059 aiei
252 2006 322 2066 inc.)
335 2032 373 2047 —·
382 2011 561 2071 perterritos
575 2011 741 2074 senserunt,
757 2009 883 2060 insecuti
894 2007 1035 2077 exhibent,
1053 2022 1088 2058 ex
1100 2021 1154 2071 quo
1167 2007 1237 2058 iila-

181 2088 283 2126 reanue
303 2075 333 2126 in
350 2078 411 2127 edd.
424 2078 549 2143 Friburg.
566 2091 592 2131 a.
609 2078 719 2132 taeter
734 2077 802 2129 15⁴6
820 2090 890 2142 quoe
907 2077 968 2128 Vbii
978 2077 1072 2128 -etbi
1082 2079 1238 2140 perterri-

184 2144 231 2196 tor
250 2148 424 2212 senserunt,
446 2148 501 2199 ino.
513 2147 595 2214 tecit,
620 2148 688 2197 0ud.
702 2159 772 2213 quoe
785 2147 832 2198 ubi
848 2147 911 2198 Vbii
924 2148 971 2196 vel
983 2149 1019 2198 at
1035 2147 1097 2196 Vbii
1107 2169 1144 2182 ·-
1153 2147 1235 2209 pert.

181 2215 353 2277 senserunt,
369 2215 425 2266 ine.
440 2214 501 2266 fieri
512 2228 595 2278 posse
607 2218 728 2279 putabat.
752 2218 793 2266 Ac
805 2218 839 2268 de
852 2216 934 2268 Vbiis
946 2216 994 2266 vix
1006 2215 1125 2266 dubitari
1136 2223 1236 2279 potest,

183 2290 251 2346 quoe
270 2281 383 2334 Caesar.
396 2280 465 2351 t,e
488 2292 516 2334 et
535 2287 658 2338 Rhenum
679 2286 813 2349 attingere
834 2294 941 2337 etcum
951 2285 1051 2336 suevis
1062 2287 1150 2336 muita
1165 2285 1237 2335 bella

183 2351 308 2416 gessisse
321 2352 427 2419 itendit,
450 2365 562 2419 qnorum
583 2368 679 2406 nomen
690 2355 790 2405 ibidem
803 2355 832 2406 in
844 2354 949 2418 aiibi,
966 2362 996 2404 ut
1011 2357 1045 2422 6,
1063 2358 1081 2404 9
1102 2354 1236 2403 Vbiorum

183 2421 214 2473 iu
226 2420 274 2470 obi
286 2421 391 2472 borum
404 2428 559 2486 corruptum
570 2433 623 2474 est.
657 2424 836 2487 Neque-anim
849 2436 958 2488 omnes,
976 2424 1022 2485 qui
1031 2423 1151 2486 proximi
1162 2425 1237 2472 libe-

184 2503 248 2540 nnm
267 2491 302 2542 ab
321 2492 458 2541 Helvetiis
477 2492 538 2543 inde
552 2508 638 2559 usque
652 2496 686 2545 ad
699 2495 800 2557 Belgas
813 2502 841 2543 et
855 2496 975 2546 Batavos
990 2493 1161 2557 incolebant,
1184 2492 1237 2541 im-

184 2563 278 2623 petum
296 2560 324 2610 in
340 2563 448 2612 Suevos
461 2563 562 2612 iecisse
575 2564 704 2614 credibile
719 2573 777 2630 eet,
796 2576 882 2626 neque
895 2572 950 2614 tam
964 2565 1041 2612 certa
1058 2570 1118 2613 eret
1131 2563 1238 2611 'trans-

184 2632 364 2681 rhenanorum
384 2631 492 2682 iliorum
509 2634 592 2682 sedes
610 2640 702 2684 tamve
721 2633 777 2683 fixe
789 2632 876 2682 Rheni
894 2631 1093 2697 propinquitas,
1111 2637 1141 2679 nt
1156 2642 1240 2693 prae-

185 2699 257 2749 senti
270 2699 402 2752 incolent
413 2701 490 2751 locus
502 2700 530 2751 in
542 2703 723 2765 descriptione
735 2708 820 2752 esset.
855 2702 914 2751 lloc
928 2701 1011 2764 igitur
1023 2711 1072 2764 pro
1084 2701 1160 2749 certo
1174 2701 1240 2762 poni

184 2769 266 2834 atque
283 2768 373 2831 ipsum
385 2768 432 2819 ubi
446 2770 530 2833 illud,
547 2773 618 2835 quod
631 2772 660 2822 in
673 2771 810 2822 codicibus
823 2778 883 2834 est,
901 2783 951 2833 per
964 2769 1150 2831 compendium
1166 2768 1239 2818 scri-

185 2841 261 2900 ptum
274 2850 369 2890 nomen
384 2838 445 2890 Vbii
457 2841 562 2890 duabus
576 2840 721 2909 brevibus,
738 2838 808 2891 utin
821 2839 862 2909 is,
879 2839 955 2891 idem
968 2847 996 2889 et
1011 2839 1090 2902 aliis,
1113 2838 1143 2895 in
1156 2850 1240 2889 unam

185 2907 295 2969 longam
316 2908 497 2959 lcontractis
519 2909 614 2961 baberi
634 2918 732 2972 potest.
771 2908 904 2960 Maiorem
930 2909 1125 2959 dubitationem
1148 2907 1241 2956 iniicit

184 2977 298 3027 verbum
318 2978 487 3042 senserant,
512 2979 596 3046 quod,
619 2981 673 3030 etsi
692 2987 802 3042 recepto
817 2980 918 3030 vitioso
935 2978 983 3028 tobi
1001 2978 1115 3028 verbum
1128 2977 1241 3040 aliquod

186 3043 291 3116 finitum
311 3046 517 3100 desiderabatur
534 3056 561 3099 et
575 3049 754 3113 interpolendi
766 3050 919 3099 necessitas
932 3047 1059 3114 urgebat,
1081 3049 1174 3097 tamen
1186 3046 1240 3096 mi-

185 3125 247 3165 rum
267 3122 310 3166 est
327 3116 356 3167 in
373 3116 495 3167 omnibus
517 3118 654 3169 codicibus
675 3120 744 3170 idem
762 3119 907 3181 eodemque
920 3119 981 3169 ioco
998 3117 1090 3174 (solus
1104 3116 1187 3165 Vind.
1202 3117 1239 3164 A.

186 3181 445 3252 mpedimento,
461 3188 510 3237 sed
526 3189 718 3251 superscriptis
731 3188 829 3238 litteris
845 3187 890 3236 bo
906 3188 1037 3246 collocet]
1054 3185 1174 3247 positum
1188 3198 1242 3233 ex-

187 3254 271 3304 stare.
304 3255 453 3306 Fatendum
473 3263 515 3306 eet
533 3259 616 3308 etiam
636 3267 745 3319 praeter
765 3255 994 3316 exspectationem
1015 3267 1078 3320 eos,
1102 3254 1148 3315 qui
1161 3255 1242 3304 modo

186 3323 301 3373 domum
313 3324 427 3375 reuerti
437 3326 561 3390 coepisse
574 3328 749 3391 dicebantur,
767 3327 855 3375 subito
865 3324 1048 3389 perterritos
1062 3322 1133 3387 dici,
1159 3323 1243 3386 quasi

187 3392 249 3442 fleri
269 3405 322 3442 uon
342 3394 474 3461 potuerit,
497 3403 527 3445 ut
539 3409 592 3446 non
606 3396 743 3460 perterriti
756 3402 978 3450 reverterentur,
996 3394 1099 3443 nullam
1111 3405 1181 3443 vero
1196 3394 1243 3442 oi-

188 3460 340 3513 iensionem
360 3462 464 3527 accipi,
497 3463 522 3513 si
544 3465 609 3514 Vbii
627 3466 809 3529 perterritos
828 3477 878 3515 eos
896 3463 1019 3514 remisse
1039 3463 1183 3527 dicantur,
1212 3465 1243 3512 et

185 3528 275 3593 ipsum
296 3534 409 3583 verbum
429 3535 465 3584 ad
483 3536 574 3583 hostes
594 3535 709 3585 bostium
730 3542 858 3585 eventum
878 3534 1051 3596 speculantes
1066 3531 1242 3594 aptissimum

186 3611 259 3649 esse.
294 3598 337 3650 Gi.
349 3599 384 3668 t,
403 3599 451 3653 14:
474 3604 558 3666 prius
577 3604 615 3654 ad
632 3604 758 3655 boetium
777 3605 879 3656 costra
889 3601 1043 3668 pervenit,
1067 3611 1153 3665 quom
1168 3601 1242 3667 quid

186 3671 327 3734 operetur
346 3669 487 3722 Germani
503 3673 614 3725 sentire
629 3677 757 3739 possent.
797 3672 830 3737 5,
848 3675 899 3722 32:
922 3672 962 3723 At
980 3670 1095 3736 bootes,
1118 3673 1243 3735 postea·

144 3789 147 3793 ,
186 3751 274 3807 quom
286 3753 325 3792 eo
337 3742 481 3794 nocturno
496 3743 621 3811 fremitu
633 3744 798 3813 oipitiisque
811 3742 847 3796 de
857 3740 1043 3811 profectione
1056 3751 1159 3793 aorem
1171 3753 1243 3794 sen-

205 3913 234 3976 s.
253 3917 281 3967 o.
321 3913 383 3967 eius
403 3917 572 3977 calamitate]
600 3920 626 3968 h.
645 3930 671 3973 e.
714 3915 813 3971 oeulos
827 3920 956 3985 ponent)
977 3912 1099 3982 quamsi
1118 3915 1260 3983 torturam·

151 3979 265 4035 interitu
283 3985 336 4044 (oi.
350 3989 386 4050 o»,
400 3988 451 4038 ot:
473 3989 629 4055 Cottaeque
642 3991 673 4040 et
715 3989 829 4038 sortium
841 3988 1022 4050 moderatrix,
1045 3997 1100 4036 non
1117 3985 1243 4036 avertis-

152 4053 261 4106 Titura'i
273 4057 484 4123 calomniam,
508 4058 557 4124 pol
575 4059 608 4111 in
624 4070 674 4109 eo·
716 4060 775 4123 eet,
797 4060 911 4108 multum
932 4058 967 4107 de
984 4057 1037 4106 illa
1054 4055 1198 4121 voluptate
1212 4057 1244 4106 et

152 4123 219 4176 ὀιιιι
241 4125 403 4180 occiderint
430 4127 550 4180 costato
557 4148 569 4197 ι
604 4129 675 4181 oute
716 4124 1099 4192 gratulationedeaninuieset.
1168 4188 1171 4195 ¹
