2572 4688
151 288 220 364 182
419 286 494 359 nit
520 284 703 359 BELLO
728 272 984 359 naitico

149 478 246 564 signo
262 475 407 561 amisso,
427 478 635 568 reliquarum
648 476 834 582 cohortium
849 476 1004 546 omnihus
1023 474 1099 581 ipre
1117 478 1234 542 eorm-

148 565 302 636 rionibus
324 575 384 633 unt
406 569 593 636 numeratis
616 575 676 636 uui
698 567 841 649 occisis,
865 567 902 634 iu
922 565 978 633 his
997 563 1172 654 primipilo
1192 562 1236 636 P.

215 742 364 810 puerpura]
388 742 473 809 song.
492 746 526 796 n.
545 746 594 798 nr.
613 747 648 799 n.
660 745 742 797 vrci.
759 745 816 796 nn.
836 742 916 796 corr.
935 743 970 792 rt
989 712 1076 793 mm?
1087 739 1172 792 vinc
1185 739 1239 791 nc.

95 830 104 851 ⁸
182 816 247 869 aid.
267 823 296 864 et
313 827 371 877 sqq.
383 828 470 877 usqne
483 817 518 867 ad
531 815 572 867 lu.
585 823 613 866 et
629 818 733 883 „MSS
747 813 869 879 plerique
877 808 897 843 ‘⁴
914 812 1002 877 0nd.,
1016 810 1064 875 qui
1077 810 1239 873 Primopilo

181 898 201 937 a
213 884 355 948 Scaligero
367 883 482 946 positum
496 888 642 935 secundnm
654 885 764 938 codices
775 882 888 949 Vrsini,
906 882 984 935 held.
996 881 1030 930 A.
1044 882 1072 930 S.
1087 892 1152 931 cum
1166 880 1238 931 Dav.
1277 892 1279 896 ’

182 960 212 1004 et
224 953 267 1003 cl.
279 954 364 1004 tenuit
383 956 397 1011 l
398 962 425 1002 et
436 955 533 1018 primo
543 955 603 1020 pito
619 963 661 1004 est
673 954 700 1005 iu
711 954 795 1006 Vind.
808 953 843 1002 A.
854 952 902 1004 Dr.
915 952 945 1001 Β.
958 952 1029 1001 liar.
1042 950 1093 1008 Α.)
1108 950 1159 998 sed
1170 948 1239 1013 prt-

180 1021 224 1075 mi
234 1022 297 1088 pili,
314 1025 384 1086 quud
396 1024 496 1086 legitur
508 1024 537 1075 in
549 1024 641 1076 codice
653 1024 765 1092 schotti,
780 1024 849 1075 hor.
863 1024 912 1081 (ex
924 1031 976 1085 quo
989 1026 1079 1070 tamen
1093 1030 1139 1067 ex.
1152 1017 1238 1069 Febr.

182 1088 333 1159 primopili
351 1094 451 1153 rel’ert)
475 1094 546 1148 Duk.
566 1095 651 1146 Dorv-
665 1095 745 1145 Vrat.
762 1090 794 1143 C.
815 1090 896 1143 nuth.
908 1091 939 1139 ii.
957 1088 1051 1141 iiamb.
1064 1087 1151 1138 vind.
1166 1087 1239 1137 nni.

183 1164 213 1211 et
232 1162 291 1211 edd.
309 1168 374 1212 aule
395 1163 511 1229 hidam,
532 1163 572 1217 ita
593 1162 645 1214 eibi
666 1164 775 1226 placere
792 1161 976 1223 demonstrat,
1006 1165 1037 1208 nt
1055 1156 1240 1207 subaudiatur

183 1231 370 1295 centurione,
391 1230 539 1297 primipilo
557 1243 625 1285 veru
640 1233 765 1299 damnat,
782 1230 846 1294 quia
858 1228 1025 1297 primipilus
1039 1226 1172 1279 Latinum
1184 1237 1240 1275 uon

183 1299 231 1350 sit.
265 1301 319 1351 Sed
336 1300 526 1354 PiilbiiPlho
546 1303 647 1365 lenitur
657 1302 687 1355 in
700 1299 875 1365 inscriptione
883 1295 1000 1353 ursioni
1010 1303 1132 1359 tempore
1146 1294 1240 1358 posita

139 1399 141 1406 =
182 1368 269 1420 orell.
288 1370 359 1432 799,
382 1377 411 1418 et
433 1370 683 1437 Valentinani,
704 1372 738 1438 6,
762 1372 794 1420 ll
818 1381 910 1421 omnes
930 1365 1039 1418 codices
1053 1379 1073 1418 u
1085 1363 1239 1431 primipilo

181 1437 325 1501 exhibent,
341 1445 369 1487 et
382 1438 479 1489 [rivius
491 1443 525 1506 7,
541 1437 575 1492 li
594 1437 651 1502 §.t
675 1434 789 1506 pirirrtus
802 1436 937 1493 centurio
950 1436 1035 1502 erut,
1056 1446 1143 1501 quent
1159 1443 1239 1485 nunc

181 1506 362 1574 primipilari
380 1510 544 1578 appellunt,
559 1511 778 1575 quemadmodum
790 1506 819 1560 in
832 1507 948 1572 quinque
961 1504 1038 1556 codd.
1049 1510 1079 1553 et
1091 1504 1155 1554 edd.
1168 1507 1238 1552 vett.

182 1576 393 1643 scriptumest,
416 1591 471 1631 uon
490 1592 517 1645 q.
536 1593 566 1630 n.
585 1580 677 1647 primi
689 1579 743 1645 pili
753 1592 797 1645 o.,
822 1576 891 1642 qnod
902 1572 1143 1627 Drakenborchius
1154 1582 1239 1637 prae·

181 1644 262 1715 tulit,
284 1645 431 1709 scripsisse
452 1648 569 1701 videtur.
603 1650 673 1700 Nam
692 1648 718 1699 si
739 1660 816 1709 eum,
839 1656 919 1709 quam
938 1642 1079 1697 Drakenb.
1091 1641 1173 1708 vnit,
1196 1638 1240 1690 sni

180 1714 311 1777 nuperis
330 1716 539 1781 appellationem
560 1728 624 1768 esse
641 1714 777 1781 idquelbi
794 1716 942 1765 docendum
954 1712 1085 1765 lectorem
1099 1710 1239 1763 metuebat

179 1782 297 1849 Livius,
313 1797 364 1836 cur
375 1786 408 1853 2,
425 1788 460 1840 27
476 1778 536 1847 ’Μ
552 1789 589 1839 Μ.
600 1784 757 1843 Laetorium
770 1783 862 1851 primi
872 1782 928 1849 pili
946 1780 1149 1833 centurionem
1166 1788 1240 1829 novo

106 1895 116 1915 ,
179 1850 291 1902 scilicet
315 1855 422 1903 nomine
447 1866 502 1906 non
521 1855 622 1907 monito
640 1857 744 1908 lectore
763 1846 854 1904 diuiti
886 1852 971 1903 Immo
990 1849 1128 1902 centurio
1147 1846 1239 1913 prem

177 1917 251 1985 pili,
270 1922 297 1972 h.
310 1934 336 1971 e.
349 1921 428 1983 prhni
441 1922 613 1991 triariorum,
630 1924 676 1987 qu:
688 1922 780 1993 piloni
794 1932 813 1971 a
827 1918 892 1985 pilis
905 1920 1132 1983 appellabantur,
1148 1917 1240 1967 maui-

176 1988 239 2050 puli
260 2001 310 2039 seu
329 1988 431 2040 ordinis
451 1990 523 2043 omni
541 1999 663 2054 tempore
677 1989 857 2056 audiebatis,
873 1988 919 2052 qni
931 1986 1061 2052 prinlum
1072 1986 1170 2053 pilum
1182 1982 1239 2036 dn-

180 2055 279 2121 cebot,
305 2064 336 2108 ut
354 2057 461 2109 caesar
478 2058 564 2127 6,18
587 2060 720 2124 loquitur,
748 2057 888 2111 centuriae
906 2055 991 2121 priori
1009 2055 1086 2107 illine
1103 2052 1238 2119 manipuli

179 2124 356 2191 praepositus
375 2137 404 2178 et
423 2129 537 2190 primum
556 2126 628 2180 inter
648 2140 742 2181 cmrres
763 2124 1042 2195 sexaginta-legionis
1061 2122 1238 2175 centuriones

180 2194 272 2244 locum
285 2203 395 2263 terrens,
412 2197 501 2258 iisque
514 2198 608 2248 verbis
620 2195 725 2249 Caesar
735 2188 772 2263 ’3,
790 2193 806 2249 5
824 2197 895 2247 hunc
907 2195 1019 2245 eundem
1032 2192 1170 2259 Sextium,
1187 2192 1237 2242 ci-

180 2274 246 2311 cero
267 2265 303 2313 ad
321 2267 380 2314 Ati.
393 2264 425 2330 5,
444 2268 481 2318 20
509 2267 634 2322 Asinium
653 2267 819 2331 Dentonem,
843 2262 941 2316 Livius
959 2260 1010 2329 25,
1029 2265 1063 2314 19
1080 2269 1109 2312 et
1121 2258 1173 2326 ni,
1189 2258 1236 2326 ili,

178 2331 319 2383 Salustius
340 2333 399 2397 ing.
418 2336 469 2403 38,
486 2337 504 2384 6
526 2341 554 2385 et
568 2334 616 2386 alii
630 2334 700 2385 alios
712 2339 878 2396 nuncupant.
911 2330 1014 2383 neinde
1029 2333 1171 2383 contractu
1185 2343 1238 2381 no·

179 2398 253 2451 mine
270 2401 437 2466 primipilus
458 2416 507 2453 seu
523 2403 714 2471 primopllttu,
746 2398 779 2452 de
797 2413 851 2464 quo
869 2401 992 2462 locuples
1011 2406 1039 2452 ei
1057 2412 1076 2450 a
1095 2400 1237 2452 codicibus

178 2469 289 2532 optimis
309 2472 445 2525 firmatum
463 2473 647 2525 testimouium
667 2479 758 2523 exstat
781 2469 906 2532 Dionysii
926 2470 1016 2520 ilaiic.
1035 2471 1120 2521 Arch.
1142 2472 1178 2537 9,
1201 2469 1237 2520 10

177 2551 207 2600 p.
228 2537 297 2591 1704
316 2542 429 2607 licien,
452 2542 620 2607 vocabatur,
645 2553 700 2593 non
719 2530 821 2603 optimi
841 2551 910 2591 sane
928 2539 1051 2606 ratione,
1067 2540 1118 2589 sed
1129 2551 1237 2602 nequa-

178 2621 260 2671 quam
272 2610 365 2673 peius,
383 2620 462 2672 qurum
473 2611 653 2677 septentrio,
670 2611 808 2663 duuruoir
821 2614 849 2659 et
864 2607 966 2659 similia
978 2619 1033 2661 non
1046 2608 1136 2660 minus
1150 2610 1237 2660 certa.

176 2679 215 2729 lit
234 2680 285 2729 hoc
304 2679 410 2741 quidem
433 2679 493 2730 icco
511 2679 660 2744 principio
674 2692 736 2730 cum
748 2678 871 2733 codicum
887 2688 990 2745 causa,
1007 2685 1064 2728 turn
1077 2676 1140 2730 ideo
1152 2691 1237 2743 prae·

177 2746 244 2816 tuli,
269 2749 339 2811 quod
359 2747 450 2815 priori
468 2747 522 2815 pili
541 2750 571 2803 et
586 2750 683 2818 nmmo
699 2748 778 2820 pito,
803 2758 873 2813 quae
885 2747 1074 2814 discrepantes
1087 2754 1152 2803 eunt
1164 2747 1238 2801 ecri-

142 2901 301 2969 eipniferos
314 2903 434 2953 trudens.
468 2903 522 2954 Sed
540 2901 610 2955 idon
628 2902 665 2955 lb.
708 2903 783 2969 pulis
804 2901 1016 2965 compositarum
1033 2901 1167 2956 rationem
1187 2917 1238 2956 re-

145 2974 180 3036 1,
200 2971 233 3021 18
257 2973 286 3021 et
306 2971 410 3022 Hister.
425 2973 456 3034 1,
472 2969 510 3021 cl
531 2972 565 3021 de
579 2970 666 3036 siguis
708 2972 905 3040 spicientibus,
929 2974 999 3036 quud
1016 2974 1045 3023 et
1060 2972 1238 3026 centuriones

114 3104 117 3110 ι
144 3040 294 3091 cohortium
307 3040 347 3090 ita
358 3040 492 3106 loquitur,
508 3048 539 3089 ut
552 3043 666 3093 eundem
709 3043 836 3107 totidem,
860 3043 932 3106 qnod
950 3042 1149 3106 manipulorum
1163 3043 1238 3093 iuis-

136 3110 175 3160 dn
201 3109 372 3177 cohortibus,
405 3121 483 3174 quem
507 3109 616 3171 aquiiae
637 3111 666 3164 in
710 3120 788 3176 sent,
813 3110 962 3174 iisdemque
982 3111 1114 3176 gradibus
1133 3112 1238 3165 distin-

145 3177 299 3241 iegiouibus
316 3179 406 3229 locum
426 3184 506 3240 etque
525 3190 603 3232 usum
614 3176 667 3230 ha-
709 3184 769 3232 ctos
786 3186 816 3230 et
828 3179 952 3231 'militum
972 3188 1169 3247 generantque
1183 3193 1238 3233 vo-

144 3249 242 3299 bnisse
261 3246 423 3312 videuntnr,
448 3254 477 3296 et
497 3248 567 3304 Anu.
582 3249 614 3315 1,
631 3247 666 3302 ni
709 3249 809 3304 cobrin
822 3249 918 3300 eadem
931 3251 1066 3301 habebant
1078 3253 1107 3301 el
1124 3252 1237 3305 omnino

145 3316 240 3379 (cuins
259 3315 313 3365 ioci
328 3328 397 3367 vern
415 3315 605 3380 interpretatio
618 3330 666 3370 sn-
707 3318 791 3382 nihil,
814 3319 887 3385 quod
906 3318 943 3371 nd
962 3331 1096 3384 personas
1111 3321 1237 3382 pertine-

146 3384 260 3451 gacituti
275 3387 387 3435 debetur
397 3385 556 3448 Waltlteri)
569 3388 666 3439 eadem
707 3394 765 3452 ret,
788 3386 928 3439 diversum
941 3398 959 3440 a
971 3388 1117 3451 manipulis
1135 3402 1237 3440 snsce-

145 3454 258 3507 uenillo
272 3458 299 3504 et
314 3455 385 3506 iiist.
401 3457 435 3519 1,
450 3451 484 3504 ii
503 3454 666 3519 signiferum
706 3456 784 3521 pisse
794 3456 939 3522 videntur,
957 3460 1026 3508 haec
1039 3457 1131 3508 omnin
1142 3458 1237 3522 respi-

144 3524 265 3577 cuhortis
278 3524 465 3578 cantuarium
483 3525 573 3576 dicere
586 3518 666 3576 vide-
709 3525 846 3576 cientibus
864 3525 1045 3578 verisimilius
1057 3526 1090 3579 lit
1102 3526 1236 3579 Caesaris

145 3602 201 3647 tur.
234 3595 310 3644 ilaec
325 3595 532 3657 explicationem
543 3607 597 3646 non
614 3593 668 3644 mi·
710 3603 739 3645 et
764 3595 909 3656 primorum
928 3593 1080 3648 caesarum
1104 3596 1186 3660 signa
1206 3605 1237 3648 et

145 3676 199 3715 nus
218 3664 378 3731 ancipitem,
396 3675 475 3728 qnam
490 3666 539 3716 hoo
553 3671 667 3729 quartae
711 3662 858 3727 signiferos
873 3664 1021 3719 cohortium
1032 3666 1153 3733 eusdem,
1167 3678 1237 3729 qnos

103 3777 106 3781 .
146 3731 265 3783 cohortIs
290 3735 396 3796 signum
416 3735 525 3785 habent.
564 3736 668 3787 Tamen
710 3732 866 3785 triariorum
889 3735 987 3785 inisse.
1027 3735 1140 3799 vegetii
1165 3748 1237 3788 vero

146 3802 259 3853 nerino
282 3804 476 3869 triariorum,
512 3807 545 3855 de
570 3804 667 3867 quibus
710 3804 801 3856 aetate
823 3802 948 3867 singulae
974 3805 1101 3855 cohortes
1125 3800 1237 3868 sihignia

146 3871 246 3924 Livius
258 3871 315 3935 8,8
333 3871 360 3932 s.
375 3873 393 3924 8
411 3872 522 3942 scribit,
541 3873 667 3937 quumvis
710 3880 739 3922 et
759 3870 872 3935 propriu
892 3873 970 3936 signa
989 3873 1236 3939 habebant„quae

148 3939 252 3991 diversi
273 3941 381 4002 generis
398 3943 518 4010 luerint,
540 3948 569 3994 et
581 3943 664 3997 cete·
709 3941 853 3995 dracones
872 3944 1042 3995 vocabantur
1061 3951 1090 3992 et
1107 3954 1158 4004 per
1176 3942 1236 3992 sin-

145 4020 198 4065 ree
214 4008 344 4063 Caesaris
367 4012 468 4063 milites
487 4010 537 4063 siti
556 4012 664 4064 cendio
706 4012 787 4077 gulas
805 4014 930 4062 cohortes
948 4024 966 4064 a
985 4012 1175 4063 draconariis
1190 4013 1236 4062 ie-

146 4080 247 4130 lnissos
261 4079 380 4147 idirco,
399 4081 449 4152 lo,
474 4082 587 4145 denique
601 4083 664 4133 nni·
705 4081 840 4133 rebantur
862 4083 897 4132 ad
916 4080 1064 4147 proelium,
1095 4088 1126 4131 nt
1145 4082 1234 4131 reteri

144 4156 257 4205 remum
274 4150 422 4205 mhordum
434 4161 471 4204 eu
484 4151 564 4204 trinis
574 4150 664 4205 mani-
707 4148 843 4216 vegetius
857 4152 891 4202 lle
903 4163 936 4203 re
947 4151 1059 4204 milltmi
1073 4152 1107 4221 2,
1125 4152 1169 4202 13.
