2572 4688
344 330 353 345 ¹·
372 301 496 378 titt.
521 302 589 380 111.
631 303 753 380 GAP.
778 306 821 378 li
1081 314 1149 384 ait

58 491 242 566 servitutis
255 490 380 575 odisse,
396 493 593 585 priusquam
604 494 721 583 piures
736 493 892 563 civitates
907 497 1151 587 conspirarent,

57 581 278 678 partiendum
294 581 360 647 sibi
376 602 414 647 ac
428 583 534 647 latius
552 581 820 650 distribuentium
844 584 1027 651 exercitum
1049 596 1150 674 puta·

59 674 125 742 vit.
200 672 256 738 11.
285 667 406 755 Itaque
420 667 539 735 Titum
559 669 745 739 Labienum
759 670 909 758 legatum
923 672 959 736 in
973 672 1149 759 Treviros,

149 755 297 847 proximi
322 755 452 822 flumini
474 755 591 822 Rheno
620 764 717 840 sunt,
749 779 824 825 cum
848 758 1001 848 equitatu
1028 761 1147 833 mittit.

59 782 154 916 ffiic
168 843 324 924 mandat,
344 842 469 910 Remos
487 844 704 932 reliquosque
723 844 849 931 Belgas
871 846 971 913 adeat
989 855 1091 936 atque
1111 850 1147 920 iu
1166 843 1190 908 2

60 935 176 1005 oiiicio
191 931 363 1000 coniuent
377 929 640 1021 Germanosque,
655 934 715 1025 qui
729 935 854 1031 auxilio
867 957 887 1002 a
900 931 1018 1024 Belgis
1032 957 1147 1006 arces·

96 1112 148 1233 sito
160 1108 286 1163 incitari
297 1109 362 1162 VV-
376 1107 431 1162 cc.
445 1111 512 1163 Vrs.
527 1106 555 1163 in
567 1112 630 1183 Not.
646 1121 673 1163 et
686 1112 755 1166 oud.
769 1114 803 1177 2,
820 1112 865 1177 qui
880 1111 908 1163 in
923 1115 938 1164 1
952 1115 1003 1164 hoc
1022 1113 1081 1165 iere
1098 1127 1150 1166 ex-

95 1181 273 1247 piantiouern
293 1179 408 1230 alterius
427 1180 572 1233 locutionis
592 1191 753 1248 asprenas,
776 1182 829 1233 nisi
849 1182 973 1235 incitare
986 1197 1018 1235 ae
1031 1191 1061 1236 et
1074 1183 1151 1236 ioci·

96 1250 163 1304 tart
180 1250 280 1302 stadio
297 1247 446 1300 locutiones
465 1258 559 1301 esseut
579 1250 868 1316 caesarianensis,
891 1254 1057 1303 ostenderat.
1095 1255 1150 1305 Sed

98 1318 283 1383 explicatione
297 1318 365 1368 baec
377 1318 439 1379 ipsa
451 1319 549 1368 locutio
561 1321 743 1387 multomagis
762 1334 841 1383 quam
863 1322 952 1371 altera
968 1323 1082 1384 egebat,
1098 1335 1149 1373 ue-

97 1400 152 1454 que
166 1387 347 1449 dubiumst,
369 1387 434 1452 quin
453 1387 477 1436 si
494 1389 654 1440 alterutram
671 1402 703 1441 eo
721 1390 827 1440 nornine
844 1388 966 1439 damnari
981 1391 1103 1452 oportet,
1118 1391 1148 1442 in

96 1458 201 1509 (iudi
224 1455 316 1517 posita
332 1456 430 1511 cedere
447 1458 528 1507 alleri
545 1458 651 1510 debeat.
684 1463 721 1509 At
739 1458 809 1508 enirn
827 1460 964 1509 ornandae
981 1459 1148 1511 variandae-

99 1540 153 1592 quo
178 1524 309 1577 orationis
333 1535 418 1575 eausa
441 1525 668 1586 simplicissimum
684 1527 753 1578 iliud
770 1527 901 1580 libertati
918 1528 1054 1594 studere,
1085 1541 1148 1579 cum

98 1596 185 1661 panio
203 1600 268 1644 ante
285 1593 368 1643 nonis
384 1593 470 1645 rebus
481 1596 600 1646 studere
613 1596 711 1648 dictum
725 1600 816 1660 esset,
834 1596 917 1647 alicui
932 1597 1148 1656 amplificandum

97 1664 311 1725 mutandamque
326 1661 419 1712 videri
432 1670 460 1712 et
475 1664 574 1713 ibidem
590 1667 763 1726 conspectum
781 1667 892 1715 verbum
907 1664 1036 1716 encitari
1049 1665 1147 1716 dictio·

96 1734 144 1785 nis
166 1744 197 1783 se
221 1730 349 1781 incitare
372 1733 408 1783 ab
433 1732 493 1793 ipso
517 1733 636 1784 caesare
659 1735 740 1795 paulo
763 1741 825 1795 post
849 1731 1148 1797 c.128.1ct4‚17

97 1806 172 1868 (quo
187 1801 285 1851 main
301 1799 347 1850 oie
364 1812 457 1864 nanae
473 1815 504 1851 sa
520 1801 717 1862 incitavit-set)
735 1810 762 1851 st
780 1802 840 1851 cir.
853 1808 887 1868 3,
905 1798 940 1853 24
957 1801 1149 1861 recensione

96 1871 235 1938 partibas
257 1867 353 1919 sabito
368 1869 549 1921 Antonianae
566 1871 687 1935 scopiac
704 1869 787 1938 stqno
803 1871 873 1921 dato
888 1885 920 1923 se
938 1870 969 1921 in
986 1870 1084 1923 bostat
1100 1868 1149 1923 in·
1167 1900 1169 1905 >

98 1941 285 1997 citaoerernt)
306 1947 454 1999 usurpatae
472 1940 615 1990 admouere
630 1941 745 2005 indeque
761 1940 874 2001 primurn
893 1937 1010 1991 variatio
1026 1940 1149 1992 lberto·

98 2012 142 2064 tto
160 2009 261 2061 studio
283 2019 314 2057 se
334 2007 478 2074 incitare,
502 2010 598 2059 deiude
614 2012 695 2071 paulo
712 2009 808 2060 melior
823 2009 970 2062 libertatis
986 2010 1085 2062 stadio
1099 2009 1148 2062 in·

98 2080 193 2131 abaci
215 2075 350 2127 exsistere
372 2076 474 2142 potuit,
503 2090 572 2142 quas
594 2078 695 2128 vitiose
711 2078 869 2129 coniunctas
886 2080 914 2130 in
931 2078 1028 2129 iisdem
1044 2078 1149 2130 codri-

98 2152 154 2200 bns
169 2146 314 2210 ridemus,
336 2144 382 2207 qui
399 2148 431 2211 2,
449 2149 467 2195 6
483 2144 511 2206 s.
525 2150 542 2196 3
559 2148 587 2196 et
605 2148 669 2201 alibi
685 2146 811 2202 similiter
828 2147 986 2213 interpolati
1001 2154 1067 2201 suut
1084 2144 1149 2203 vul.

97 2218 198 2280 ltaque
214 2216 356 2278 vulgatam
373 2216 513 2265 tenendam
529 2215 635 2277 putavi.

135 2286 202 2349 cap.
217 2286 261 2334 11.
285 2281 313 2342 S.
323 2285 349 2332 1.
389 2284 491 2333 flumini
516 2285 623 2349 Rheno]
652 2285 685 2336 ln
708 2282 791 2338 Vind.
813 2287 849 2337 A.
871 2281 984 2351 nomint
1008 2281 1152 2354 emissan,

98 2353 131 2407 in
147 2356 195 2406 Dr.
211 2354 242 2402 lt.
259 2352 339 2405 vrat.
357 2349 387 2400 c.
406 2352 485 2402 Goth.
501 2353 532 2403 Β.
548 2353 645 2405 liaub.
664 2361 692 2403 et
708 2356 768 2405 edd.
786 2362 849 2405 ante
861 2356 930 2421 oud.
944 2352 1065 2416 exceptio
1078 2354 1151 2408 Vsu.

100 2425 123 2477 t·
146 2424 189 2474 St·
212 2422 263 2473 Gr.
283 2421 309 2471 b.
326 2423 387 2482 post
403 2420 507 2472 Rbeno
524 2423 639 2483 positum
656 2424 715 2488 est,
739 2436 817 2486 quern
835 2421 861 2472 ei
877 2424 966 2475 locum
982 2421 1050 2475 0ud·
1067 2425 1150 2476 ire·

100 2492 210 2557 stituit,
232 2501 294 2540 cunr
316 2487 345 2539 iu
369 2492 384 2540 1
402 2492 549 2541 secuudum
564 2491 671 2543 codices
689 2491 807 2552 potiores
827 2493 925 2556 (θοις.
940 2495 992 2556 A„
1014 2490 1044 2543 iu
1062 2500 1151 2554 quoa

98 2575 138 2614 rx.
154 2574 196 2624 pr·
212 2557 361 2625 statano
380 2561 457 2626 erat,
481 2559 540 2608 Pet.
557 2560 631 2612 Gott.
648 2559 733 2611 voss.
749 2562 785 2612 A.
801 2561 878 2623 Egm.
894 2573 950 2611 seo.
966 2558 1051 2619 Febr.
1066 2560 1152 2613 Vind.

99 2633 133 2681 ll.
156 2630 212 2681 tiu.
237 2632 307 2687 etc.)
328 2627 360 2690 fl·
384 2627 442 2678 itt.
466 2627 550 2679 tacite
572 2627 754 2696 exhibuisset,
779 2631 849 2692 quod
865 2628 935 2679 idern
951 2628 1079 2682 usitatius
1097 2629 1150 2680 esi.

101 2698 150 2751 Sic
165 2697 201 2763 i,
219 2699 235 2747 1
256 2697 363 2761 piamen
385 2696 518 2747 Rbenum
543 2697 740 2748 transierant.
774 2697 844 2762 5‚e
865 2711 886 2748 a
907 2698 1025 2763 {lamine
1046 2697 1151 2750 itbecc

103 2768 144 2821 cd
158 2765 276 2818 initiem
292 2767 461 2817 Remorum.
487 2768 512 2832 1,
530 2769 548 2816 2
563 2766 681 2832 flumine
697 2765 849 2818 Rhodano.
873 2769 900 2831 2,
917 2765 934 2817 5
950 2767 1057 2832 {lamen
1068 2767 1152 2820 Ano·

100 2848 172 2890 m
234 2835 355 2899 saepius.
389 2837 443 2885 scd
459 2833 607 2888 Garamans
623 2835 729 2901 {lamen
747 2837 813 2901 1,1
837 2841 865 2885 et
887 2835 983 2888 Sabim
998 2836 1105 2901 {lamen
1121 2837 1151 2901 2,

97 2842 265 3028 ίξιιωιῃαὲιιιιιι.
298 2906 338 2967 Et,
350 2905 387 2956 ad
404 2916 486 2957 aures
502 2906 591 2959 minus
609 2905 734 2958 suaviter
750 2901 876 2958 accldsrs
890 2904 1022 2970 pronao
1036 2902 1152 2973 flamini

195 2986 251 3024 um⁴
483 3009 486 3014 .

134 3042 206 3105 §.a
240 3039 357 3102 auxilio]
379 3041 413 3093 ln
428 3054 500 3093 aaa.
517 3040 578 3093 Pet.
594 3052 614 3092 a
629 3052 666 3091 ιιι.
683 3052 743 3108 pn,
764 3038 834 3103 qnod
850 3039 976 3103 placebat
992 3040 1152 3094 ondendar-
1218 3063 1221 3067 ·

101 3111 164 3175 plo,
194 3110 260 3174 quia
282 3111 355 3161 inter
376 3111 480 3162 auxilia
502 3111 550 3161 vel
573 3110 723 3162 auxiliares
745 3110 839 3170 copias
856 3109 1032 3174 signiticaret
1064 3111 1152 3163 lleeae

102 3179 231 3232 ιιιιιιιιιι
254 3179 376 3230 flauum
400 3180 547 3231 turcella
569 3180 675 3243 p.·299.
708 3180 734 3231 A
755 3177 886 3233 canoas
903 3178 1009 3245 quiden
1024 3177 1153 3248 intendi

101 3262 156 3302 neu
171 3259 287 3313 prorsus
303 3249 439 3299 abhorret.
1108 3270 1111 3275 ·

138 3329 159 3369 a
184 3317 292 3381 Belgis]
320 3317 354 3368 ab
374 3315 472 3383 Belpia
494 3314 579 3380 Bong.
601 3316 637 3367 A.
661 3326 719 3368 sec·
740 3315 809 3368 oud·
826 3313 901 3365 (icti.
918 3320 946 3366 eo
962 3313 1034 3367 inter
1049 3324 1153 3369 venus

46 3438 49 3442 ,
102 3386 222 3450 positob
239 3387 287 3436 vel
303 3386 338 3438 ob
355 3386 438 3437 voss.
455 3387 490 3435 Α.
506 3384 621 3438 cabellis
638 3386 722 3449 Bong.
734 3387 768 3436 Α.
781 3397 840 3437 seo.
856 3383 988 3437 Pluscblr.
1005 3382 1040 3436 sb
1056 3384 1152 3437 anteb

102 3454 211 3509 onear
239 3467 372 3520 nusquarr
396 3454 504 3508 videtur
527 3455 663 3520 posuisse.
696 3452 786 3510 Gallia
806 3452 889 3508 vind.
909 3453 947 3506 A.
979 3452 1082 3521 Nempe
1104 3452 1171 3520 rol.

115 3607 186 3673 cap.
199 3611 243 3660 11.
265 3607 293 3671 s.
307 3613 331 3661 1.
372 3609 400 3660 in
418 3608 591 3660 arsuros-
634 3609 660 3661 ei
690 3611 876 3663 mandatorum
904 3606 1036 3660 radonem
1068 3600 1151 3661 casn

70 3692 133 3730 cunr
152 3679 276 3743 equitatu
295 3678 399 3739 mittit]
429 3680 537 3730 Treviri
562 3679 591 3730 in
633 3679 721 3731 inisse
745 3682 875 3746 apparet,
907 3680 939 3729 ut
958 3676 1102 3730 celeritate
1121 3680 1151 3729 ot

68 3749 194 3812 partibus
213 3751 293 3799 eraut
309 3750 488 3800 Romanorum
505 3753 547 3808 (ι.
564 3750 590 3814 1,
633 3757 738 3800 terrore
759 3749 865 3812 magis,
895 3757 976 3810 quom
1000 3745 1151 3799 stabilitate

68 3818 106 3870 ³7
119 3825 149 3868 et
159 3822 188 3883 2,
198 3815 247 3878 at)
261 3821 289 3867 et
301 3815 407 3866 finitimi
419 3817 481 3867 binc
497 3815 591 3867 Remis
632 3825 661 3868 et
679 3819 775 3869 robore
799 3814 965 3877 conficienda
983 3815 1152 3869 viderentur.

68 3884 120 3953 (5,
147 3884 214 3951 24),
236 3887 312 3937 illinc
330 3885 490 3948 Germanis3
521 3897 591 3948 qnae
633 3887 789 3937 Accedebat
807 3885 878 3949 quod
896 3881 1150 3948 irevbipedestri-
1191 3880 1199 3886 '

68 3967 176 4007 musae
194 3956 225 4005 in
242 3967 290 4006 eos
308 3955 421 4017 primunr
435 3956 463 4006 et
475 3968 535 4004 cum
549 3954 592 4004 his
633 3957 684 4005 bus
696 3967 801 4019 qnoque
813 3952 900 4017 copiis
914 3953 1044 4006 valebant
1057 3956 1097 4018 (6,
1104 3953 1150 4016 7),

68 4022 208 4076 montis
217 4023 340 4074 mittendi
348 4022 462 4074 Labieni
472 4024 593 4075 inerunt.
633 4025 739 4088 equites
759 4037 826 4075 vero
844 4034 938 4074 eorum
953 4020 1087 4086 superiori
1100 4032 1151 4072 ac-

69 4093 150 4155 Quod
163 4100 254 4144 annm
269 4106 330 4144 curn
344 4091 464 4155 equitatu
478 4093 537 4142 sine
548 4094 592 4141 le-
633 4101 705 4145 state
718 4092 947 4155 exspectationem
959 4088 1088 4146 Guntia
1107 4088 1152 4142 ie·

66 4160 198 4231 ‘loolbns
216 4161 317 4216 missus
336 4169 399 4228 est,
424 4161 592 4226 mutim
633 4163 763 4219 ielleraut
778 4164 833 4269 (²³.
846 4157 950 4293 titi-16
1096 4176 1106 4197 ·
