2572 4688
340 276 352 313 -·
407 269 516 348 nra.
539 217 822 345 uonna
1079 272 1155 359 ner

68 460 167 566 ipsos
188 457 233 529 ed
247 478 393 548 pugnarn
406 480 482 528 esse
495 459 735 551 impediuento
749 460 855 543 vidit,
876 463 1018 559 quartae
1036 458 1155 528 eohor-

69 555 118 619 ω
133 548 291 617 omnibns
312 549 565 618 centurionibus
580 550 704 618 occisis
719 549 945 638 signiferoque
964 548 1155 631 interfecto,

137 738 205 777 esse
221 723 413 790 impedimento
432 725 516 788 vidit]
539 726 660 779 verbum
670 724 763 793 nidd,
779 728 851 791 quod
862 724 970 778 codices
982 721 1095 777 cistilio
1108 731 1153 776 te-

104 801 151 845 ste
169 793 309 860 plerique,
332 797 367 848 at
386 795 455 848 (ind.
475 798 504 847 et
522 808 541 848 a
557 808 601 847 me
618 797 714 848 collati
726 808 819 847 omnes
831 798 860 847 et
873 795 924 848 (iu.
936 797 996 848 Pet.
1010 795 1062 847 iix.
1074 796 1152 859 ligm.

105 862 181 915 ese.
202 865 262 915 cod.
288 863 410 934 lirantii,
434 865 579 934 stephani,
606 867 682 917 codd.
702 865 816 930 Vrsini,
839 864 892 917 (iu.
909 865 992 917 Vini.
1011 863 1153 921 honuni.

80 928 83 943 '
102 932 178 985 ilar.
198 933 233 984 h.
253 933 394 1001 exhibent,
414 937 445 985 ut
466 935 742 986 accommanda.
758 933 836 987 carr.
855 935 883 984 et
894 934 964 985 Lov.
977 933 1152 985 dubitationis

102 1001 209 1066 aliquid
221 1002 353 1065 reliquum
365 1015 429 1053 esse
441 1004 545 1068 possit,
565 1004 653 1056 Aldus
663 1005 694 1054 iu
706 1002 889 1070 corriperetis
906 1003 991 1054 deleri
1003 1001 1084 1053 iussit
1102 1004 1152 1054 de-

101 1071 249 1134 leruntque
262 1084 355 1123 omnes
366 1079 429 1135 post
442 1084 503 1124 enm
513 1072 650 1142 editores,
667 1074 733 1125 moti
744 1075 815 1124 haud
827 1072 906 1123 dubie
920 1084 968 1137 ec,
991 1074 1061 1135 qnod
1077 1071 1153 1125 inira

103 1151 171 1192 rem
190 1152 252 1191 esse
272 1140 304 1190 ia
323 1142 445 1207 aspasio
463 1140 541 1193 cidit
558 1141 672 1210 legitur,
697 1155 767 1208 quae
778 1140 980 1193 iteratio·verbi
992 1140 1021 1192 in
1033 1153 1088 1193 una
1103 1152 1154 1193 ea·

103 1210 219 1274 demque
234 1211 311 1271 parts
325 1209 456 1260 enuntiati
468 1212 630 1274 praesertim
643 1213 719 1265 nulia
729 1211 913 1264 intercedente
926 1211 1023 1273 copula
1036 1217 1083 1263 aut
1096 1211 1154 1263 alia

106 1280 280 1330 continuatae
297 1279 416 1340 protasis
428 1279 624 1343 significatione
635 1280 706 1333 terri
718 1293 799 1346 posse
811 1294 866 1334 non
878 1279 1030 1330 videbatur.
1062 1281 1154 1330 Acce·
1182 1314 1187 1329 ,

107 1348 148 1399 dit
169 1349 240 1411 qnod
256 1346 373 1398 inferius
391 1347 459 1399 iilud
479 1350 556 1400 cidit
569 1350 609 1402 ita
621 1351 785 1403 collocatum
797 1358 855 1417 est,
876 1356 908 1399 ut
921 1349 1022 1401 diutius
1037 1362 1156 1412 suspen·

106 1418 211 1469 deniae
223 1416 355 1466 orationis
367 1424 442 1468 metu
454 1431 612 1488 expressum
626 1419 766 1485 videatur,
785 1419 863 1470 ouius
874 1425 963 1469 metus
979 1417 1076 1469 iustior
1088 1429 1157 1471 sane

106 1497 195 1537 causa
210 1492 285 1552 erat,
310 1485 336 1535 si
353 1480 457 1537 ninilum
468 1490 659 1550 praecesserat
672 1492 786 1541 vertum
800 1488 921 1555 finitum,
938 1500 990 1552 quo
1003 1490 1076 1540 mota
1088 1500 1156 1539 oon-

105 1554 243 1607 iunctione
259 1553 307 1605 ati
320 1554 508 1619 acquiesceret
521 1557 628 1608 interim
642 1557 818 1625 exspectatio,
832 1569 911 1620 quam
924 1557 949 1607 si
966 1560 993 1609 h.
1004 1557 1024 1608 l.
1038 1557 1157 1620 positum

107 1623 280 1690 erateidit,
301 1621 354 1686 qno
371 1625 446 1677 facto
465 1626 512 1674 vel
533 1627 619 1676 omitti
634 1625 724 1690 inira,
739 1627 787 1677 vel
798 1627 899 1678 eidem
914 1625 973 1676 eins
986 1627 1047 1678 ioco
1061 1623 1156 1687 scribi,

106 1693 155 1744 vei
175 1690 323 1745 intellexit
341 1701 390 1742 ant
408 1693 496 1744 simiis
517 1695 581 1758 quid
598 1703 660 1757 post
671 1696 802 1748 submitti
818 1695 916 1761 posset
929 1693 957 1745 iu
969 1695 1022 1745 line
1035 1693 1157 1757 protasis

106 1762 170 1815 adh
197 1762 320 1813 temnat.
345 1762 413 1825 ,Sed
435 1764 487 1813 heo
514 1762 621 1814 ratione
646 1765 732 1816 facile
756 1764 917 1828 intelligitur
939 1761 1054 1814 interius
1075 1763 1158 1816 cidit

106 1831 269 1883 nonninus
288 1840 370 1891 posse
386 1829 538 1893 impugnari
543 1844 554 1894 3
576 1835 647 1895 quod
667 1833 692 1883 si
705 1834 841 1886 tarnensi
854 1844 1015 1884 eonsensum
1026 1833 1159 1883 hinorum

106 1898 226 1952 oninium
243 1910 341 1949 verum
361 1905 505 1963 putamus,
528 1899 674 1953 videndum
694 1910 757 1968 est,
779 1914 815 1951 ue
834 1903 882 1952 vei
899 1901 950 1957 ilio
968 1901 1028 1951 loeo
1041 1900 1160 1963 positum

106 1975 149 2020 tot
165 1966 336 2025 accusativis
353 1974 382 2016 et
399 1965 542 2016 infinitivis
554 1968 718 2020 sustinendis
730 1970 817 2030 impar
830 1967 885 2034 sit,
908 1967 1035 2020 iteratum
1051 1981 1118 2020 vero
1131 1974 1160 2018 et

41 2078 44 2085 i
106 2038 169 2088 ioco
189 2047 286 2100 parum
303 2034 448 2098 conspicuo
467 2035 600 2086 insertum
620 2041 649 2088 et
664 2036 744 2103 quasi
759 2035 922 2088 delitescens
932 2040 1017 2089 multo
1029 2037 1159 2090 minorem

106 2105 209 2158 haheat
231 2106 415 2156 offensionem.
460 2106 556 2165 Quoad
573 2105 657 2168 igitur
674 2105 810 2171 cognitum
829 2106 912 2157 inerit
930 2109 1030 2157 hidem
1048 2120 1102 2157 non
1123 2120 1159 2157 ex

52 2188 55 2195 ’
106 2173 280 2240 contaetus,
308 2175 359 2226 sed
376 2172 499 2228 codicum
517 2175 680 2228 auctoritate
698 2174 808 2242 egisse,
836 2175 913 2229 cidit
934 2177 960 2225 h.
977 2178 998 2232 l.
1016 2177 1160 2230 terendum

124 2246 183 2297 uto.

104 2258 125 2312 P
141 2309 327 2377 signiferoque
340 2309 496 2371 interiecto]
521 2310 657 2363 Euciitica
669 2309 772 2363 omissa
783 2315 826 2363 est
837 2311 866 2364 in
878 2314 955 2365 codd.
961 2310 1066 2380 Vrsini,
1082 2313 1162 2366 Laid.

107 2384 144 2437 Δ.
156 2381 239 2433 virid.
256 2384 291 2431 A.
309 2393 365 2431 non
383 2381 564 2446 incommode,
590 2393 652 2430 cum
671 2381 779 2432 tertium
798 2383 945 2433 membrum
958 2382 1023 2432 item
1038 2385 1098 2436 sine
1112 2395 1161 2434 co-

107 2454 175 2516 pula
187 2449 303 2513 positum
319 2449 370 2500 sit:
391 2449 473 2517 sipno
486 2448 601 2500 amisso.
634 2450 688 2499 Sed
702 2450 817 2512 scriptor
829 2453 932 2501 duabus
945 2451 1071 2503 membris
1084 2455 1162 2508 nnita

108 2518 295 2573 declaratione
315 2521 420 2581 status,
442 2520 471 2568 iu
484 2531 535 2580 quo
554 2524 653 2581 quarta
674 2520 772 2570 cohors
795 2527 887 2584 esset,
908 2521 1019 2570 tertium
1037 2522 1161 2574 velutin
1269 2563 1274 2575 ι

107 2591 246 2642 cumulum
266 2589 348 2639 addit.
383 2588 426 2639 ci.
439 2587 502 2639 Air.
515 2588 565 2652 31,
582 2588 617 2637 8:
641 2587 686 2636 tot
703 2587 789 2637 retas
807 2588 895 2651 pestis
905 2580 1056 2655 *tantisque
1069 2604 1160 2644 scer.

108 2660 215 2712 editae
229 2657 350 2708 devictis
356 2689 367 2725 ,
383 2659 429 2709 tot
441 2658 503 2707 tam
515 2655 607 2705 claris
619 2655 754 2706 victoriis
765 2656 873 2720 portis.
897 2667 949 2720 quo
962 2659 1022 2710 loco
1037 2661 1101 2715 sunt
1114 2659 1162 2725 qui

109 2728 206 2783 tostis
223 2734 318 2776 contra
337 2738 430 2776 omnes
447 2724 555 2775 codices
573 2723 743 2779 scribendum
759 2727 906 2792 censeant,
925 2724 1054 2797 Lipsius,
1071 2729 1161 2783 liavi-

110 2800 187 2867 sins‚
203 2797 425 2862 Oudendorpius3
445 2795 492 2863 qui
506 2794 550 2849 hic
566 2796 667 2849 tacent.
746 2814 750 2821 ·

130 2951 332 3023 signiferoque]
347 2954 427 3010 tinne
440 2955 600 3023 signiferum
641 2955 685 3009 ios
698 2952 891 3019 dirimerem,
913 2953 991 3004 uuila
1004 2950 1060 3009 nisi
1071 2951 1161 3007 maui-
1224 2982 1227 2987 ·

74 3035 131 3077 non
149 3027 268 3090 aliquem
286 3041 322 3078 ex
339 3028 462 3090 pluribus
479 3026 600 3079 eiusdem
642 3028 768 3091 pulcrum
787 3023 866 3088 sigua
884 3019 973 3072 fuisse
990 3036 1052 3076 cum
1065 3038 1115 3090 per
1128 3038 1161 3076 se

76 3095 199 3147 cohortis
218 3096 372 3162 signiferis,
394 3099 543 3148 sedunum
562 3095 601 3146 ii-
641 3095 823 3159 intelligitur,
846 3094 902 3153 tum
914 3101 1044 3155 excerpta
1056 3108 1091 3145 ex
1104 3095 1160 3146 Po-

75 3166 134 3216 lum
146 3165 252 3232 fuisse,
276 3166 323 3230 qui
336 3166 442 3230 signum
455 3166 538 3217 totius
551 3177 600 3215 oo-
641 3163 720 3227 lybia
739 3166 773 3230 6,
786 3161 821 3214 ti
838 3160 896 3222 §.6
918 3163 1024 3214 docent.
1056 3163 1160 3215 Deinde

74 3235 164 3287 hunis
174 3235 300 3303 tulisset,
318 3235 410 3288 additu
421 3237 507 3286 verba
519 3233 601 3300 eipso
642 3231 757 3286 tricenis
773 3232 939 3295 singularum
950 3232 1085 3295 legionum
1099 3245 1159 3284 ma

76 3303 185 3357 cmisso
199 3304 344 3366 pendentia
354 3304 404 3355 ilia
418 3318 453 3355 ex
474 3307 600 3369 quartae
638 3301 740 3366 nipulis
753 3299 782 3352 in
795 3304 880 3353 denas
892 3303 1015 3354 cohortes
1032 3302 1160 3353 distribu-

76 3372 208 3426 cohortis
221 3375 415 3426 demonstrant.
438 3375 497 3425 ilco
510 3373 600 3436 ipsum
640 3373 696 3438 tis,
723 3382 794 3434 quae
816 3370 887 3422 ratio
913 3369 1043 3424 Caesaris
1068 3372 1160 3423 aetate

77 3447 171 3496 autem
180 3443 298 3494 cohortis
308 3443 414 3506 signnm
426 3455 523 3506 parum
532 3454 600 3493 con·
640 3440 794 3506 obtinebat,
809 3439 894 3489 nihilo
905 3440 994 3490 minus
1007 3450 1059 3489 sua
1070 3439 1159 3493 mani-

79 3514 137 3564 stat
155 3515 247 3563 utrum
264 3513 400 3575 proprium
415 3524 448 3562 ac
461 3513 600 3563 diversum
640 3509 713 3575 pulis
726 3509 805 3572 sigua
817 3515 986 3562 transerunt.
1010 3508 1092 3574 cti,
1108 3506 1159 3559 at:

79 3592 99 3633 a
107 3581 195 3634 mins
207 3580 288 3632 trium
297 3581 493 3642 manipulorum
503 3581 599 3643 signis,
642 3579 670 3629 si
687 3579 838 3630 continere
854 3579 893 3628 od
904 3578 987 3644 sipha
998 3579 1159 3643 moniptdos

79 3662 116 3703 au
134 3664 218 3703 unum
236 3663 272 3701 ex
292 3651 334 3699 eis
352 3650 434 3712 idque
447 3651 600 3701 triariorum
642 3647 742 3714 cettei,
756 3650 791 3698 ct
802 3647 941 3699 instituta
952 3647 1034 3699 ratio
1046 3650 1077 3700 et
1088 3660 1159 3698 coa-

78 3719 213 3783 manipnli
228 3719 326 3788 inerit,
343 3720 537 3781 quodpropter
551 3720 601 3767 ho·
641 3716 765 3769 suetudo
784 3717 934 3770 coercitus
956 3715 1081 3787 Romani
1103 3729 1159 3782 po·

80 3800 141 3841 rom
154 3787 442 3853 dignitatemprimnm
458 3788 530 3840 inter
548 3785 602 3838 tria
643 3785 781 3839 elidebat.
819 3789 848 3836 et
866 3785 903 3836 ib.
921 3783 974 3837 to:
995 3788 1110 3838 omenes
1123 3810 1159 3826 -

80 3858 171 3910 iocum
190 3865 287 3908 tenens
306 3858 388 3908 simul
405 3856 488 3909 totins
504 3857 602 3907 cohor·
623 3894 625 3899 .
642 3867 676 3908 ee
695 3855 727 3906 ia
744 3854 829 3921 eipso
840 3852 1055 3922 maaipmosque
1067 3853 1160 3907 conii

80 3927 120 3979 tis
138 3925 249 3992 signum
268 3928 343 3977 esset
360 3928 440 3990 atque
456 3925 602 3976 diceretur.
644 3926 736 3976 cient
769 3925 827 3975 Nee
846 3925 928 3977 aliter
947 3927 997 3976 suh
1013 3925 1161 3990 imperato·

82 3996 123 4049 iio
148 4003 286 4061 tempore,
315 3993 394 4046 cuius
409 3995 534 4047 militium
553 3996 604 4046 de-
644 3995 730 4045 rihus.
763 3991 911 4044 rescisset
924 3993 1036 4046 Tacitus
1049 4000 1120 4046 linu-
1135 3992 1163 4058 ³,

84 4065 196 4128 scripsit
210 4059 360 4133 Polybius,
376 4075 439 4116 cum
449 4064 522 4129 legio
533 4075 604 4114 non-
645 4065 683 4114 20
699 4061 785 4115 anias
800 4061 929 4116 cohortis
948 4063 1036 4128 primo
1048 4061 1166 4117 hostiurn
1242 4088 1256 4105 ·.

85 4135 342 4204 tuuinoohortes,
355 4134 466 4200 Mser
478 4133 605 4200 utuipu-
645 4131 748 4202 inpetu
770 4133 870 4200 pulsem
892 4131 1042 4200 increpites
1059 4145 1079 4189 a
1098 4132 1167 4187 duee
