<?xml version="1.0" encoding="UTF-8"?>
<!DOCTYPE html PUBLIC "-//W3C//DTD XHTML 1.0 Transitional//EN"
    "http://www.w3.org/TR/xhtml1/DTD/xhtml1-transitional.dtd">
<html xmlns="http://www.w3.org/1999/xhtml" xml:lang="en" lang="en">
 <head>
  <title>
</title>
<meta http-equiv="Content-Type" content="text/html;charset=utf-8" />
  <meta name='ocr-system' content='tesseract 3.04.00' />
  <meta name='ocr-capabilities' content='ocr_page ocr_carea ocr_par ocr_line ocrx_word'/>
</head>
<body>
  <div class='ocr_page' id='page_1' title='image "./commentariidebe01schngoog_0116.png"; bbox 0 0 2572 4688; ppageno 0'>
   <div class='ocr_carea' id='block_1_1' title="bbox 229 249 1150 329">
    <p class='ocr_par' dir='ltr' id='par_1_1' title="bbox 229 249 1150 329">
     <span class='ocr_line' id='line_1_1' title="bbox 229 249 1150 329; baseline -0.007 0"><span class='ocrx_word' id='word_1_1' title='bbox 229 321 234 329; x_wconf 90' lang='lat'><strong>.</strong></span> <span class='ocrx_word' id='word_1_2' title='bbox 333 251 570 328; x_wconf 62' lang='lat' dir='ltr'><strong>volui.</strong></span> <span class='ocrx_word' id='word_1_3' title='bbox 613 249 804 325; x_wconf 66' lang='grc' dir='ltr'><strong>04Μῖ</strong></span> <span class='ocrx_word' id='word_1_4' title='bbox 1102 252 1150 323; x_wconf 75' lang='grc'><strong>65</strong></span> 
     </span>
    </p>
   </div>
   <div class='ocr_carea' id='block_1_2' title="bbox 37 438 1262 1762">
    <p class='ocr_par' dir='ltr' id='par_1_2' title="bbox 37 438 1262 1762">
     <span class='ocr_line' id='line_1_2' title="bbox 56 438 1262 532; baseline -0.006 -19"><span class='ocrx_word' id='word_1_5' title='bbox 56 464 137 513; x_wconf 87' lang='lat' dir='ltr'><strong>oum</strong></span> <span class='ocrx_word' id='word_1_6' title='bbox 167 447 262 512; x_wconf 84' lang='lat' dir='ltr'><strong>esset</strong></span> <span class='ocrx_word' id='word_1_7' title='bbox 289 448 493 532; x_wconf 68' lang='lat' dir='ltr'><strong>pugnatum,</strong></span> <span class='ocrx_word' id='word_1_8' title='bbox 536 439 775 532; x_wconf 72' lang='lat' dir='ltr'><strong>inpedimentis</strong></span> <span class='ocrx_word' id='word_1_9' title='bbox 807 439 998 528; x_wconf 81' lang='lat' dir='ltr'><strong>rostrisque</strong></span> <span class='ocrx_word' id='word_1_10' title='bbox 1033 438 1145 507; x_wconf 78' lang='lat' dir='ltr'><strong>nostri</strong></span> <span class='ocrx_word' id='word_1_11' title='bbox 1259 512 1262 520; x_wconf 59' lang='grc'>,</span> 
     </span>
     <span class='ocr_line' id='line_1_3' title="bbox 56 525 1195 623; baseline -0.01 -23"><span class='ocrx_word' id='word_1_12' title='bbox 56 531 165 623; x_wconf 89' lang='lat' dir='ltr'><strong>potiti</strong></span> <span class='ocrx_word' id='word_1_13' title='bbox 191 539 285 601; x_wconf 87' lang='lat' dir='ltr'><strong>sunt.</strong></span> <span class='ocrx_word' id='word_1_14' title='bbox 344 529 401 599; x_wconf 86' lang='lat' dir='ltr'><strong>Ibi</strong></span> <span class='ocrx_word' id='word_1_15' title='bbox 429 530 645 616; x_wconf 74' lang='lat' dir='ltr'><strong>Orgetorigis</strong></span> <span class='ocrx_word' id='word_1_16' title='bbox 669 530 740 598; x_wconf 86' lang='lat' dir='ltr'><strong>iiiie</strong></span> <span class='ocrx_word' id='word_1_17' title='bbox 769 535 871 617; x_wconf 81' lang='lat' dir='ltr'><strong>etque</strong></span> <span class='ocrx_word' id='word_1_18' title='bbox 899 549 988 594; x_wconf 87' lang='lat' dir='ltr'><strong>unus</strong></span> <span class='ocrx_word' id='word_1_19' title='bbox 1014 525 1151 594; x_wconf 84' lang='lat' dir='ltr'><strong>sfiliis·</strong></span> <span class='ocrx_word' id='word_1_20' title='bbox 1189 578 1195 587; x_wconf 83' lang='grc'><strong>.</strong></span> 
     </span>
     <span class='ocr_line' id='line_1_4' title="bbox 56 610 1187 710; baseline -0.012 -17"><span class='ocrx_word' id='word_1_21' title='bbox 56 626 182 710; x_wconf 72' lang='lat' dir='ltr'><strong>septus</strong></span> <span class='ocrx_word' id='word_1_22' title='bbox 203 624 271 686; x_wconf 88' lang='lat' dir='ltr'><strong>est.</strong></span> <span class='ocrx_word' id='word_1_23' title='bbox 333 615 389 685; x_wconf 82' lang='lat' dir='ltr'><strong>Ex</strong></span> <span class='ocrx_word' id='word_1_24' title='bbox 403 638 444 687; x_wconf 91' lang='lat' dir='ltr'><strong>eo</strong></span> <span class='ocrx_word' id='word_1_25' title='bbox 457 619 588 708; x_wconf 89' lang='lat' dir='ltr'><strong>proelio</strong></span> <span class='ocrx_word' id='word_1_26' title='bbox 602 618 740 685; x_wconf 83' lang='lat' dir='ltr'><strong>oiroiter</strong></span> <span class='ocrx_word' id='word_1_27' title='bbox 751 617 918 685; x_wconf 88' lang='lat' dir='ltr'><strong>hominum</strong></span> <span class='ocrx_word' id='word_1_28' title='bbox 932 615 1024 682; x_wconf 88' lang='lat' dir='ltr'><strong>milie</strong></span> <span class='ocrx_word' id='word_1_29' title='bbox 1039 634 1144 685; x_wconf 79' lang='lat' dir='ltr'>cxxx.</span> <span class='ocrx_word' id='word_1_30' title='bbox 1165 610 1187 679; x_wconf 81' lang='lat'><strong>6</strong></span> 
     </span>
     <span class='ocr_line' id='line_1_5' title="bbox 58 704 1172 798; baseline -0.006 -22"><span class='ocrx_word' id='word_1_31' title='bbox 58 705 303 798; x_wconf 74' lang='lat' dir='ltr'><strong>superfuerunt</strong></span> <span class='ocrx_word' id='word_1_32' title='bbox 326 727 444 794; x_wconf 83' lang='lat' dir='ltr'><strong>oeque·</strong></span> <span class='ocrx_word' id='word_1_33' title='bbox 461 711 654 783; x_wconf 79' lang='lat' dir='ltr'><strong>totenoets</strong></span> <span class='ocrx_word' id='word_1_34' title='bbox 671 706 881 772; x_wconf 74' lang='lat' dir='ltr'><strong>continenter</strong></span> <span class='ocrx_word' id='word_1_35' title='bbox 902 704 1032 775; x_wconf 79' lang='lat' dir='ltr'><strong>ierunt:</strong></span> <span class='ocrx_word' id='word_1_36' title='bbox 1064 705 1146 769; x_wconf 87' lang='lat' dir='ltr'><strong>nul·</strong></span> <span class='ocrx_word' id='word_1_37' title='bbox 1171 781 1172 784; x_wconf 8' lang='grc' dir='ltr'><strong>Ἴ</strong></span> 
     </span>
     <span class='ocr_line' id='line_1_6' title="bbox 57 790 1196 883; baseline -0.007 -20"><span class='ocrx_word' id='word_1_38' title='bbox 57 796 129 863; x_wconf 82' lang='lat' dir='ltr'><strong>loru</strong></span> <span class='ocrx_word' id='word_1_39' title='bbox 154 801 288 883; x_wconf 83' lang='lat' dir='ltr'><strong>portem</strong></span> <span class='ocrx_word' id='word_1_40' title='bbox 311 795 420 860; x_wconf 86' lang='lat' dir='ltr'><strong>noetis</strong></span> <span class='ocrx_word' id='word_1_41' title='bbox 441 794 564 861; x_wconf 90' lang='lat' dir='ltr'><strong>itinere</strong></span> <span class='ocrx_word' id='word_1_42' title='bbox 583 794 778 861; x_wconf 87' lang='lat' dir='ltr'><strong>intermisso</strong></span> <span class='ocrx_word' id='word_1_43' title='bbox 797 793 833 860; x_wconf 91' lang='lat' dir='ltr'><strong>in</strong></span> <span class='ocrx_word' id='word_1_44' title='bbox 851 792 936 858; x_wconf 86' lang='lat' dir='ltr'><strong>fines</strong></span> <span class='ocrx_word' id='word_1_45' title='bbox 954 790 1144 876; x_wconf 79' lang='lat' dir='ltr'><strong>Lingonum</strong></span> <span class='ocrx_word' id='word_1_46' title='bbox 1193 814 1196 821; x_wconf 92' lang='lat'>·</span> 
     </span>
     <span class='ocr_line' id='line_1_7' title="bbox 37 876 1144 972; baseline -0.006 -21"><span class='ocrx_word' id='word_1_47' title='bbox 37 876 117 951; x_wconf 75' lang='lat' dir='ltr'><strong>&#39;die</strong></span> <span class='ocrx_word' id='word_1_48' title='bbox 139 886 262 970; x_wconf 79' lang='lat' dir='ltr'><strong>quarto</strong></span> <span class='ocrx_word' id='word_1_49' title='bbox 286 889 529 970; x_wconf 82' lang='lat' dir='ltr'><strong>pervenerunt,</strong></span> <span class='ocrx_word' id='word_1_50' title='bbox 558 904 634 948; x_wconf 88' lang='lat' dir='ltr'><strong>eum</strong></span> <span class='ocrx_word' id='word_1_51' title='bbox 663 889 699 948; x_wconf 92' lang='lat' dir='ltr'><strong>et</strong></span> <span class='ocrx_word' id='word_1_52' title='bbox 727 886 870 972; x_wconf 86' lang='lat' dir='ltr'><strong>propter</strong></span> <span class='ocrx_word' id='word_1_53' title='bbox 893 880 1032 947; x_wconf 83' lang='lat' dir='ltr'><strong>vulnera</strong></span> <span class='ocrx_word' id='word_1_54' title='bbox 1053 877 1144 944; x_wconf 88' lang='lat' dir='ltr'><strong>mili·</strong></span> 
     </span>
     <span class='ocr_line' id='line_1_8' title="bbox 58 964 1143 1058; baseline -0.008 -19"><span class='ocrx_word' id='word_1_55' title='bbox 58 977 133 1039; x_wconf 86' lang='lat' dir='ltr'><strong>turn</strong></span> <span class='ocrx_word' id='word_1_56' title='bbox 166 975 202 1036; x_wconf 88' lang='lat' dir='ltr'><strong>et</strong></span> <span class='ocrx_word' id='word_1_57' title='bbox 233 977 374 1058; x_wconf 87' lang='lat' dir='ltr'><strong>propter</strong></span> <span class='ocrx_word' id='word_1_58' title='bbox 402 972 614 1058; x_wconf 81' lang='lat' dir='ltr'><strong>sepulturam</strong></span> <span class='ocrx_word' id='word_1_59' title='bbox 641 971 828 1038; x_wconf 86' lang='lat' dir='ltr'><strong>ooeisorum</strong></span> <span class='ocrx_word' id='word_1_60' title='bbox 854 969 966 1035; x_wconf 87' lang='lat' dir='ltr'><strong>nostri</strong></span> <span class='ocrx_word' id='word_1_61' title='bbox 992 964 1143 1045; x_wconf 77' lang='lat' dir='ltr'><strong>triduum</strong></span> 
     </span>
     <span class='ocr_line' id='line_1_9' title="bbox 56 1052 1186 1146; baseline -0.005 -22"><span class='ocrx_word' id='word_1_62' title='bbox 56 1057 184 1125; x_wconf 87' lang='lat' dir='ltr'><strong>moreti</strong></span> <span class='ocrx_word' id='word_1_63' title='bbox 204 1077 262 1124; x_wconf 86' lang='lat' dir='ltr'><strong>eos</strong></span> <span class='ocrx_word' id='word_1_64' title='bbox 282 1057 381 1145; x_wconf 89' lang='lat' dir='ltr'><strong>sequi</strong></span> <span class='ocrx_word' id='word_1_65' title='bbox 400 1080 466 1124; x_wconf 90' lang='lat' dir='ltr'><strong>non</strong></span> <span class='ocrx_word' id='word_1_66' title='bbox 489 1059 693 1146; x_wconf 86' lang='lat' dir='ltr'><strong>potuissent.</strong></span> <span class='ocrx_word' id='word_1_67' title='bbox 766 1054 953 1126; x_wconf 80' lang='lat' dir='ltr'><strong>Caesarei</strong></span> <span class='ocrx_word' id='word_1_68' title='bbox 970 1052 1186 1138; x_wconf 81' lang='lat' dir='ltr'><strong>Lingonesti</strong></span> 
     </span>
     <span class='ocr_line' id='line_1_10' title="bbox 56 1141 1145 1249; baseline -0.007 -35"><span class='ocrx_word' id='word_1_69' title='bbox 56 1149 199 1214; x_wconf 85' lang='lat' dir='ltr'><strong>litteree</strong></span> <span class='ocrx_word' id='word_1_70' title='bbox 218 1145 422 1249; x_wconf 75' lang='lat' dir='ltr'><strong>nuntiosque</strong></span> <span class='ocrx_word' id='word_1_71' title='bbox 444 1146 556 1228; x_wconf 83' lang='lat' dir='ltr'><strong>misit,</strong></span> <span class='ocrx_word' id='word_1_72' title='bbox 581 1167 624 1212; x_wconf 92' lang='lat' dir='ltr'><strong>ne</strong></span> <span class='ocrx_word' id='word_1_73' title='bbox 644 1166 704 1212; x_wconf 85' lang='lat' dir='ltr'><strong>eos</strong></span> <span class='ocrx_word' id='word_1_74' title='bbox 725 1144 894 1213; x_wconf 83' lang='lat' dir='ltr'><strong>frumento</strong></span> <span class='ocrx_word' id='word_1_75' title='bbox 916 1163 999 1210; x_wconf 84' lang='lat' dir='ltr'><strong>nevo</strong></span> <span class='ocrx_word' id='word_1_76' title='bbox 1019 1141 1087 1207; x_wconf 81' lang='lat' dir='ltr'><strong>olio</strong></span> <span class='ocrx_word' id='word_1_77' title='bbox 1106 1161 1145 1206; x_wconf 89' lang='lat' dir='ltr'><strong>re</strong></span> 
     </span>
     <span class='ocr_line' id='line_1_11' title="bbox 55 1227 1145 1320; baseline -0.005 -20"><span class='ocrx_word' id='word_1_78' title='bbox 55 1235 233 1304; x_wconf 77' lang='lat' dir='ltr'><strong>iuvarent:</strong></span> <span class='ocrx_word' id='word_1_79' title='bbox 268 1232 327 1320; x_wconf 91' lang='lat' dir='ltr'><strong>qui</strong></span> <span class='ocrx_word' id='word_1_80' title='bbox 347 1255 379 1298; x_wconf 85' lang='lat' dir='ltr'><strong>er</strong></span> <span class='ocrx_word' id='word_1_81' title='bbox 396 1232 580 1313; x_wconf 85' lang='lat' dir='ltr'><strong>iuvissent,</strong></span> <span class='ocrx_word' id='word_1_82' title='bbox 610 1255 647 1299; x_wconf 90' lang='lat' dir='ltr'><strong>se</strong></span> <span class='ocrx_word' id='word_1_83' title='bbox 670 1231 786 1300; x_wconf 85' lang='lat' dir='ltr'><strong>eodem</strong></span> <span class='ocrx_word' id='word_1_84' title='bbox 808 1234 904 1313; x_wconf 90' lang='lat' dir='ltr'><strong>loeo,</strong></span> <span class='ocrx_word' id='word_1_85' title='bbox 934 1251 999 1317; x_wconf 90' lang='lat' dir='ltr'><strong>quo</strong></span> <span class='ocrx_word' id='word_1_86' title='bbox 1019 1227 1145 1295; x_wconf 86' lang='lat' dir='ltr'><strong>Helvo-</strong></span> 
     </span>
     <span class='ocr_line' id='line_1_12' title="bbox 56 1315 1145 1409; baseline -0.006 -21"><span class='ocrx_word' id='word_1_87' title='bbox 56 1322 147 1401; x_wconf 87' lang='lat' dir='ltr'><strong>tios‚</strong></span> <span class='ocrx_word' id='word_1_88' title='bbox 181 1319 388 1391; x_wconf 81' lang='lat' dir='ltr'><strong>habiturum.</strong></span> <span class='ocrx_word' id='word_1_89' title='bbox 436 1319 519 1409; x_wconf 86' lang='lat' dir='ltr'><strong>Ipse</strong></span> <span class='ocrx_word' id='word_1_90' title='bbox 540 1319 655 1388; x_wconf 86' lang='lat' dir='ltr'><strong>triduo</strong></span> <span class='ocrx_word' id='word_1_91' title='bbox 673 1321 868 1388; x_wconf 85' lang='lat' dir='ltr'><strong>intermisso</strong></span> <span class='ocrx_word' id='word_1_92' title='bbox 890 1339 965 1384; x_wconf 90' lang='lat' dir='ltr'><strong>eum</strong></span> <span class='ocrx_word' id='word_1_93' title='bbox 990 1315 1145 1384; x_wconf 85' lang='lat' dir='ltr'><strong>omnihus</strong></span> 
     </span>
     <span class='ocr_line' id='line_1_13' title="bbox 57 1405 1145 1497; baseline -0.005 -21"><span class='ocrx_word' id='word_1_94' title='bbox 57 1408 169 1497; x_wconf 83' lang='lat' dir='ltr'><strong>sepiis</strong></span> <span class='ocrx_word' id='word_1_95' title='bbox 189 1427 248 1473; x_wconf 87' lang='lat' dir='ltr'><strong>ees</strong></span> <span class='ocrx_word' id='word_1_96' title='bbox 272 1410 370 1495; x_wconf 86' lang='lat' dir='ltr'><strong>sequi</strong></span> <span class='ocrx_word' id='word_1_97' title='bbox 389 1413 512 1496; x_wconf 90' lang='lat' dir='ltr'><strong>eoepit.</strong></span> <span class='ocrx_word' id='word_1_98' title='bbox 604 1411 660 1479; x_wconf 85' lang='lat'><strong>27.</strong></span> <span class='ocrx_word' id='word_1_99' title='bbox 696 1407 847 1477; x_wconf 88' lang='lat' dir='ltr'><strong>Helvetii</strong></span> <span class='ocrx_word' id='word_1_100' title='bbox 866 1405 1011 1475; x_wconf 89' lang='lat' dir='ltr'><strong>omnium</strong></span> <span class='ocrx_word' id='word_1_101' title='bbox 1029 1424 1145 1471; x_wconf 88' lang='lat' dir='ltr'><strong>rerum</strong></span> 
     </span>
     <span class='ocr_line' id='line_1_14' title="bbox 55 1491 1145 1582; baseline 0.002 -20"><span class='ocrx_word' id='word_1_102' title='bbox 55 1494 174 1582; x_wconf 85' lang='lat' dir='ltr'><strong>inopie</strong></span> <span class='ocrx_word' id='word_1_103' title='bbox 199 1491 338 1561; x_wconf 83' lang='lat' dir='ltr'><strong>eddueti</strong></span> <span class='ocrx_word' id='word_1_104' title='bbox 364 1495 497 1580; x_wconf 79' lang='lat' dir='ltr'><strong>legatos</strong></span> <span class='ocrx_word' id='word_1_105' title='bbox 525 1492 568 1562; x_wconf 83' lang='lat' dir='ltr'><strong>(io</strong></span> <span class='ocrx_word' id='word_1_106' title='bbox 595 1494 766 1563; x_wconf 85' lang='lat' dir='ltr'><strong>deditione</strong></span> <span class='ocrx_word' id='word_1_107' title='bbox 796 1494 839 1561; x_wconf 82' lang='lat' dir='ltr'><strong>od</strong></span> <span class='ocrx_word' id='word_1_108' title='bbox 869 1515 944 1560; x_wconf 86' lang='lat' dir='ltr'><strong>eum</strong></span> <span class='ocrx_word' id='word_1_109' title='bbox 967 1493 1145 1563; x_wconf 80' lang='lat' dir='ltr'><strong>miserunt·</strong></span> 
     </span>
     <span class='ocr_line' id='line_1_15' title="bbox 58 1578 1188 1672; baseline -0.002 -23"><span class='ocrx_word' id='word_1_110' title='bbox 58 1582 219 1671; x_wconf 78' lang='lat' dir='ltr'><strong>Quinum</strong></span> <span class='ocrx_word' id='word_1_111' title='bbox 237 1602 313 1648; x_wconf 83' lang='lat' dir='ltr'><strong>eunr</strong></span> <span class='ocrx_word' id='word_1_112' title='bbox 327 1583 362 1649; x_wconf 89' lang='lat' dir='ltr'><strong>in</strong></span> <span class='ocrx_word' id='word_1_113' title='bbox 377 1583 500 1650; x_wconf 89' lang='lat' dir='ltr'><strong>itinere</strong></span> <span class='ocrx_word' id='word_1_114' title='bbox 514 1584 748 1650; x_wconf 80' lang='lat' dir='ltr'><strong>convenissent</strong></span> <span class='ocrx_word' id='word_1_115' title='bbox 766 1603 869 1672; x_wconf 87' lang='lat' dir='ltr'><strong>seque</strong></span> <span class='ocrx_word' id='word_1_116' title='bbox 889 1579 933 1647; x_wconf 84' lang='lat' dir='ltr'><strong>ed</strong></span> <span class='ocrx_word' id='word_1_117' title='bbox 945 1578 1049 1672; x_wconf 84' lang='lat' dir='ltr'><strong>pedes</strong></span> <span class='ocrx_word' id='word_1_118' title='bbox 1066 1599 1145 1671; x_wconf 90' lang='lat' dir='ltr'><strong>pro·</strong></span> <span class='ocrx_word' id='word_1_119' title='bbox 1166 1584 1188 1647; x_wconf 82' lang='lat'><strong>2</strong></span> 
     </span>
     <span class='ocr_line' id='line_1_16' title="bbox 54 1668 1155 1762; baseline -0.005 -24"><span class='ocrx_word' id='word_1_120' title='bbox 54 1671 220 1739; x_wconf 77' lang='lat' dir='ltr'><strong>iecissent</strong></span> <span class='ocrx_word' id='word_1_121' title='bbox 241 1671 510 1762; x_wconf 74' lang='lat' dir='ltr'><strong>suppliciterque</strong></span> <span class='ocrx_word' id='word_1_122' title='bbox 537 1672 645 1739; x_wconf 89' lang='lat' dir='ltr'><strong>loeuti</strong></span> <span class='ocrx_word' id='word_1_123' title='bbox 670 1672 789 1739; x_wconf 85' lang='lat' dir='ltr'><strong>flentes</strong></span> <span class='ocrx_word' id='word_1_124' title='bbox 815 1691 933 1761; x_wconf 82' lang='lat' dir='ltr'><strong>paoem</strong></span> <span class='ocrx_word' id='word_1_125' title='bbox 965 1668 1155 1758; x_wconf 69' lang='lat' dir='ltr'><strong>petissent,⁴</strong></span> 
     </span>
    </p>
   </div>
   <div class='ocr_carea' id='block_1_3' title="bbox 44 1822 1203 3206">
    <p class='ocr_par' dir='ltr' id='par_1_3' title="bbox 89 1822 1148 2035">
     <span class='ocr_line' id='line_1_17' title="bbox 126 1822 1146 1895; baseline -0.008 -14"><span class='ocrx_word' id='word_1_126' title='bbox 126 1827 155 1889; x_wconf 76' lang='lat' dir='ltr'><strong>S·</strong></span> <span class='ocrx_word' id='word_1_127' title='bbox 169 1825 196 1881; x_wconf 95' lang='grc'><strong>4.</strong></span> <span class='ocrx_word' id='word_1_128' title='bbox 230 1825 303 1888; x_wconf 86' lang='lat' dir='ltr'><strong>tilio]</strong></span> <span class='ocrx_word' id='word_1_129' title='bbox 326 1826 404 1895; x_wconf 78' lang='lat' dir='ltr'><strong>filiae</strong></span> <span class='ocrx_word' id='word_1_130' title='bbox 424 1830 495 1880; x_wconf 86' lang='lat' dir='ltr'><strong>And.</strong></span> <span class='ocrx_word' id='word_1_131' title='bbox 508 1831 592 1882; x_wconf 84' lang='lat' dir='ltr'><strong>voss.</strong></span> <span class='ocrx_word' id='word_1_132' title='bbox 612 1831 667 1881; x_wconf 81' lang='lat' dir='ltr'><strong>AB.</strong></span> <span class='ocrx_word' id='word_1_133' title='bbox 687 1831 735 1881; x_wconf 85' lang='lat' dir='ltr'><strong>Dr.</strong></span> <span class='ocrx_word' id='word_1_134' title='bbox 756 1827 788 1878; x_wconf 82' lang='grc' dir='ltr'><strong>Β.</strong></span> <span class='ocrx_word' id='word_1_135' title='bbox 801 1824 883 1879; x_wconf 79' lang='lat' dir='ltr'><strong>Vini.</strong></span> <span class='ocrx_word' id='word_1_136' title='bbox 898 1822 980 1878; x_wconf 75' lang='lat' dir='ltr'><strong>Acii.</strong></span> <span class='ocrx_word' id='word_1_137' title='bbox 996 1831 1025 1876; x_wconf 88' lang='lat' dir='ltr'><strong>et</strong></span> <span class='ocrx_word' id='word_1_138' title='bbox 1042 1836 1107 1877; x_wconf 90' lang='lat' dir='ltr'><strong>em.</strong></span> <span class='ocrx_word' id='word_1_139' title='bbox 1122 1834 1146 1874; x_wconf 88' lang='lat' dir='ltr'><strong>s.</strong></span> 
     </span>
     <span class='ocr_line' id='line_1_18' title="bbox 90 1892 1147 1964; baseline -0.007 -15"><span class='ocrx_word' id='word_1_140' title='bbox 90 1896 173 1949; x_wconf 71' lang='lat' dir='ltr'><strong>uoto.</strong></span> <span class='ocrx_word' id='word_1_141' title='bbox 191 1898 225 1947; x_wconf 99' lang='lat' dir='ltr'><strong>A.</strong></span> <span class='ocrx_word' id='word_1_142' title='bbox 246 1899 279 1956; x_wconf 82' lang='lat' dir='ltr'><strong>(e</strong></span> <span class='ocrx_word' id='word_1_143' title='bbox 296 1909 332 1947; x_wconf 87' lang='lat' dir='ltr'><strong>m.</strong></span> <span class='ocrx_word' id='word_1_144' title='bbox 353 1894 394 1961; x_wconf 70' lang='lat' dir='ltr'><strong>pr.</strong></span> <span class='ocrx_word' id='word_1_145' title='bbox 415 1898 474 1964; x_wconf 76' lang='lat' dir='ltr'><strong>{iiio</strong></span> <span class='ocrx_word' id='word_1_146' title='bbox 493 1912 554 1950; x_wconf 87' lang='lat' dir='ltr'><strong>eom</strong></span> <span class='ocrx_word' id='word_1_147' title='bbox 571 1901 654 1964; x_wconf 80' lang='lat' dir='ltr'><strong>Bong.</strong></span> <span class='ocrx_word' id='word_1_148' title='bbox 667 1896 714 1959; x_wconf 82' lang='lat' dir='ltr'><strong>G.)</strong></span> <span class='ocrx_word' id='word_1_149' title='bbox 739 1896 858 1949; x_wconf 82' lang='lat' dir='ltr'><strong>Pioreiis</strong></span> <span class='ocrx_word' id='word_1_150' title='bbox 873 1896 965 1946; x_wconf 88' lang='lat' dir='ltr'><strong>omn&#39;es</strong></span> <span class='ocrx_word' id='word_1_151' title='bbox 978 1892 1147 1959; x_wconf 80' lang='lat' dir='ltr'><strong>Orgetorigis</strong></span> 
     </span>
     <span class='ocr_line' id='line_1_19' title="bbox 89 1963 1148 2035; baseline -0.008 -15"><span class='ocrx_word' id='word_1_152' title='bbox 89 1966 166 2020; x_wconf 78' lang='lat' dir='ltr'><strong>filies</strong></span> <span class='ocrx_word' id='word_1_153' title='bbox 181 1972 279 2027; x_wconf 75' lang='lat' dir='ltr'><strong>neptes</strong></span> <span class='ocrx_word' id='word_1_154' title='bbox 292 1964 319 2016; x_wconf 89' lang='lat' dir='ltr'><strong>in</strong></span> <span class='ocrx_word' id='word_1_155' title='bbox 335 1969 436 2018; x_wconf 86' lang='lat' dir='ltr'><strong>castris</strong></span> <span class='ocrx_word' id='word_1_156' title='bbox 451 1967 635 2035; x_wconf 80' lang='lat' dir='ltr'><strong>significaret,</strong></span> <span class='ocrx_word' id='word_1_157' title='bbox 652 1968 735 2019; x_wconf 86' lang='lat' dir='ltr'><strong>etiem</strong></span> <span class='ocrx_word' id='word_1_158' title='bbox 748 1979 824 2033; x_wconf 81' lang='lat' dir='ltr'><strong>eom,</strong></span> <span class='ocrx_word' id='word_1_159' title='bbox 842 1977 911 2030; x_wconf 84' lang='lat' dir='ltr'><strong>quae</strong></span> <span class='ocrx_word' id='word_1_160' title='bbox 924 1963 1099 2028; x_wconf 78' lang='lat' dir='ltr'><strong>Dumnorigi,</strong></span> <span class='ocrx_word' id='word_1_161' title='bbox 1116 1967 1148 2013; x_wconf 83' lang='lat' dir='ltr'><strong>ot</strong></span> 
     </span>
    </p>

    <p class='ocr_par' dir='ltr' id='par_1_4' title="bbox 73 2033 1146 2104">
     <span class='ocr_line' id='line_1_20' title="bbox 73 2033 1146 2104; baseline -0.007 -16"><span class='ocrx_word' id='word_1_162' title='bbox 73 2038 78 2047; x_wconf 91' lang='lat'>&#39;</span> <span class='ocrx_word' id='word_1_163' title='bbox 91 2039 148 2088; x_wconf 70' lang='lat' dir='ltr'><strong>mu</strong></span> <span class='ocrx_word' id='word_1_164' title='bbox 166 2035 299 2100; x_wconf 81' lang='lat' dir='ltr'><strong>seriptum</strong></span> <span class='ocrx_word' id='word_1_165' title='bbox 312 2043 373 2103; x_wconf 82' lang='lat' dir='ltr'><strong>est,</strong></span> <span class='ocrx_word' id='word_1_166' title='bbox 390 2044 535 2104; x_wconf 79' lang='lat' dir='ltr'><strong>nupserat,</strong></span> <span class='ocrx_word' id='word_1_167' title='bbox 552 2040 622 2103; x_wconf 79' lang='lat' dir='ltr'><strong>quod</strong></span> <span class='ocrx_word' id='word_1_168' title='bbox 633 2051 653 2103; x_wconf 72' lang='lat' dir='ltr'><strong>p</strong></span> <span class='ocrx_word' id='word_1_169' title='bbox 665 2047 732 2088; x_wconf 87' lang='lat' dir='ltr'><strong>vero</strong></span> <span class='ocrx_word' id='word_1_170' title='bbox 743 2038 878 2087; x_wconf 84' lang='lat' dir='ltr'><strong>obhorret.</strong></span> <span class='ocrx_word' id='word_1_171' title='bbox 911 2033 1062 2098; x_wconf 79' lang='lat' dir='ltr'><strong>singularis</strong></span> <span class='ocrx_word' id='word_1_172' title='bbox 1075 2034 1146 2082; x_wconf 83' lang='lat' dir='ltr'><strong>duas</strong></span> 
     </span>
    </p>

    <p class='ocr_par' dir='ltr' id='par_1_5' title="bbox 44 2095 1146 2238">
     <span class='ocr_line' id='line_1_21' title="bbox 44 2095 1146 2226; baseline -0.004 -70"><span class='ocrx_word' id='word_1_173' title='bbox 44 2123 48 2128; x_wconf 96' lang='lat'>·</span> <span class='ocrx_word' id='word_1_174' title='bbox 89 2107 121 2226; x_wconf 58' lang='lat' dir='ltr'><strong>pt</strong></span> <span class='ocrx_word' id='word_1_175' title='bbox 139 2103 244 2169; x_wconf 76' lang='lat' dir='ltr'><strong>fnisse,</strong></span> <span class='ocrx_word' id='word_1_176' title='bbox 266 2116 412 2170; x_wconf 85' lang='lat' dir='ltr'><strong>earumque</strong></span> <span class='ocrx_word' id='word_1_177' title='bbox 432 2107 549 2159; x_wconf 79' lang='lat' dir='ltr'><strong>aiteram</strong></span> <span class='ocrx_word' id='word_1_178' title='bbox 568 2095 706 2170; x_wconf 77' lang='lat' dir='ltr'><strong>innuptam</strong></span> <span class='ocrx_word' id='word_1_179' title='bbox 722 2107 904 2157; x_wconf 75' lang='lat' dir='ltr'><strong>Romanorum</strong></span> <span class='ocrx_word' id='word_1_180' title='bbox 916 2103 945 2157; x_wconf 87' lang='lat' dir='ltr'><strong>in</strong></span> <span class='ocrx_word' id='word_1_181' title='bbox 964 2115 1062 2154; x_wconf 83' lang='lat' dir='ltr'><strong>monus</strong></span> <span class='ocrx_word' id='word_1_182' title='bbox 1075 2099 1146 2154; x_wconf 84' lang='lat' dir='ltr'><strong>iusi·</strong></span> 
     </span>
     <span class='ocr_line' id='line_1_22' title="bbox 111 2172 279 2238; baseline -0.018 -13"><span class='ocrx_word' id='word_1_183' title='bbox 111 2175 168 2225; x_wconf 87' lang='lat' dir='ltr'><strong>isse</strong></span> <span class='ocrx_word' id='word_1_184' title='bbox 180 2172 279 2238; x_wconf 78' lang='lat' dir='ltr'><strong>arguit.</strong></span> 
     </span>
    </p>

    <p class='ocr_par' dir='ltr' id='par_1_6' title="bbox 90 2238 1147 2363">
     <span class='ocr_line' id='line_1_23' title="bbox 90 2238 1147 2363; baseline -0.007 -69"><span class='ocrx_word' id='word_1_185' title='bbox 90 2241 195 2363; x_wconf 54' lang='lat' dir='ltr'><strong>es⁸b⁵⁰</strong></span> <span class='ocrx_word' id='word_1_186' title='bbox 230 2239 363 2360; x_wconf 63' lang='lat' dir='ltr'><strong>nomidnum</strong></span> <span class='ocrx_word' id='word_1_187' title='bbox 375 2240 465 2305; x_wconf 80' lang='lat' dir='ltr'><strong>milia]</strong></span> <span class='ocrx_word' id='word_1_188' title='bbox 490 2255 529 2296; x_wconf 85' lang='lat' dir='ltr'><strong>m.</strong></span> <span class='ocrx_word' id='word_1_189' title='bbox 543 2242 571 2295; x_wconf 77' lang='lat' dir='ltr'><strong>io.</strong></span> <span class='ocrx_word' id='word_1_190' title='bbox 585 2243 722 2296; x_wconf 78' lang='lat' dir='ltr'><strong>eruente</strong></span> <span class='ocrx_word' id='word_1_191' title='bbox 738 2242 805 2295; x_wconf 83' lang='lat' dir='ltr'><strong>oud.</strong></span> <span class='ocrx_word' id='word_1_192' title='bbox 818 2244 853 2310; x_wconf 84' lang='lat'><strong>1,</strong></span> <span class='ocrx_word' id='word_1_193' title='bbox 875 2238 997 2305; x_wconf 83' lang='lat' dir='ltr'><strong>exeeptis</strong></span> <span class='ocrx_word' id='word_1_194' title='bbox 1011 2238 1103 2303; x_wconf 81' lang='lat' dir='ltr'><strong>steph.</strong></span> <span class='ocrx_word' id='word_1_195' title='bbox 1117 2238 1147 2287; x_wconf 86' lang='lat' dir='ltr'><strong>ei</strong></span> 
     </span>
    </p>

    <p class='ocr_par' dir='ltr' id='par_1_7' title="bbox 116 2304 1017 2363">
     <span class='ocr_line' id='line_1_24' title="bbox 116 2304 1017 2363; baseline -0.013 0"><span class='ocrx_word' id='word_1_196' title='bbox 116 2326 140 2363; x_wconf 89' lang='lat' dir='ltr'><strong>r.</strong></span> <span class='ocrx_word' id='word_1_197' title='bbox 176 2319 231 2362; x_wconf 85' lang='lat' dir='ltr'><strong>.et</strong></span> <span class='ocrx_word' id='word_1_198' title='bbox 250 2312 290 2362; x_wconf 83' lang='lat' dir='ltr'><strong>ou</strong></span> <span class='ocrx_word' id='word_1_199' title='bbox 309 2314 356 2360; x_wconf 85' lang='lat'><strong>.2.</strong></span> <span class='ocrx_word' id='word_1_200' title='bbox 1013 2304 1017 2313; x_wconf 83' lang='grc'><strong><em>’</em></strong></span> 
     </span>
    </p>

    <p class='ocr_par' dir='ltr' id='par_1_8' title="bbox 88 2375 1147 2584">
     <span class='ocr_line' id='line_1_25' title="bbox 125 2375 1147 2446; baseline -0.008 -13"><span class='ocrx_word' id='word_1_201' title='bbox 125 2382 237 2446; x_wconf 76' lang='lat' dir='ltr'><strong>quarto]</strong></span> <span class='ocrx_word' id='word_1_202' title='bbox 261 2380 307 2429; x_wconf 86' lang='lat' dir='ltr'><strong>Dr.</strong></span> <span class='ocrx_word' id='word_1_203' title='bbox 326 2380 383 2430; x_wconf 81' lang='lat' dir='ltr'><strong>AB.</strong></span> <span class='ocrx_word' id='word_1_204' title='bbox 397 2379 477 2432; x_wconf 82' lang='lat' dir='ltr'><strong>Vret.</strong></span> <span class='ocrx_word' id='word_1_205' title='bbox 498 2378 555 2431; x_wconf 83' lang='lat' dir='ltr'><strong>AG.</strong></span> <span class='ocrx_word' id='word_1_206' title='bbox 568 2381 647 2430; x_wconf 80' lang='lat' dir='ltr'><strong>Goth.</strong></span> <span class='ocrx_word' id='word_1_207' title='bbox 660 2381 716 2431; x_wconf 82' lang='lat' dir='ltr'><strong>AB.</strong></span> <span class='ocrx_word' id='word_1_208' title='bbox 729 2379 812 2436; x_wconf 79' lang='lat' dir='ltr'><strong>Vini.</strong></span> <span class='ocrx_word' id='word_1_209' title='bbox 825 2380 860 2429; x_wconf 92' lang='lat' dir='ltr'><strong>A.</strong></span> <span class='ocrx_word' id='word_1_210' title='bbox 872 2377 969 2430; x_wconf 77' lang='lat' dir='ltr'><strong>lierni.</strong></span> <span class='ocrx_word' id='word_1_211' title='bbox 984 2375 1067 2426; x_wconf 83' lang='lat' dir='ltr'><strong>Boon.</strong></span> <span class='ocrx_word' id='word_1_212' title='bbox 1085 2386 1147 2426; x_wconf 85' lang='lat' dir='ltr'><strong>enm</strong></span> 
     </span>
     <span class='ocr_line' id='line_1_26' title="bbox 88 2444 1145 2515; baseline -0.004 -16"><span class='ocrx_word' id='word_1_213' title='bbox 88 2450 151 2500; x_wconf 81' lang='lat' dir='ltr'><strong>eud.</strong></span> <span class='ocrx_word' id='word_1_214' title='bbox 166 2450 307 2513; x_wconf 84' lang='lat' dir='ltr'><strong>plerisque</strong></span> <span class='ocrx_word' id='word_1_215' title='bbox 321 2457 385 2499; x_wconf 83' lang='lat' dir='ltr'><strong>ente</strong></span> <span class='ocrx_word' id='word_1_216' title='bbox 399 2450 460 2500; x_wconf 77' lang='lat' dir='ltr'><strong>Aio.</strong></span> <span class='ocrx_word' id='word_1_217' title='bbox 474 2462 537 2515; x_wconf 84' lang='lat' dir='ltr'><strong>nep.</strong></span> <span class='ocrx_word' id='word_1_218' title='bbox 549 2461 603 2502; x_wconf 87' lang='lat' dir='ltr'><strong>non</strong></span> <span class='ocrx_word' id='word_1_219' title='bbox 615 2461 657 2504; x_wconf 78' lang='lat' dir='ltr'><strong>ru.</strong></span> <span class='ocrx_word' id='word_1_220' title='bbox 675 2451 718 2509; x_wconf 83' lang='lat' dir='ltr'><strong>[in</strong></span> <span class='ocrx_word' id='word_1_221' title='bbox 730 2451 803 2502; x_wconf 85' lang='lat' dir='ltr'><strong>Ven.</strong></span> <span class='ocrx_word' id='word_1_222' title='bbox 817 2448 876 2500; x_wconf 84' lang='lat' dir='ltr'><strong>edo.</strong></span> <span class='ocrx_word' id='word_1_223' title='bbox 888 2444 1022 2499; x_wconf 56' lang='lat' dir='ltr'><strong>Berroia</strong></span> <span class='ocrx_word' id='word_1_224' title='bbox 1037 2444 1145 2513; x_wconf 67' lang='lat' dir='ltr'><strong>quarto</strong></span> 
     </span>
     <span class='ocr_line' id='line_1_27' title="bbox 89 2518 494 2584; baseline 0 -14"><span class='ocrx_word' id='word_1_225' title='bbox 89 2521 216 2580; x_wconf 82' lang='lat' dir='ltr'><strong>desunt.)</strong></span> <span class='ocrx_word' id='word_1_226' title='bbox 236 2521 345 2584; x_wconf 76' lang='lat' dir='ltr'><strong>quarta</strong></span> <span class='ocrx_word' id='word_1_227' title='bbox 360 2518 443 2581; x_wconf 77' lang='lat' dir='ltr'><strong>Bong.</strong></span> <span class='ocrx_word' id='word_1_228' title='bbox 459 2522 494 2570; x_wconf 88' lang='lat' dir='ltr'><strong>A.</strong></span> 
     </span>
    </p>

    <p class='ocr_par' dir='ltr' id='par_1_9' title="bbox 88 2581 1203 3065">
     <span class='ocr_line' id='line_1_28' title="bbox 126 2581 1147 2652; baseline -0.006 -15"><span class='ocrx_word' id='word_1_229' title='bbox 126 2588 154 2648; x_wconf 81' lang='lat' dir='ltr'><strong>s.</strong></span> <span class='ocrx_word' id='word_1_230' title='bbox 167 2590 195 2637; x_wconf 82' lang='grc'><strong>6.</strong></span> <span class='ocrx_word' id='word_1_231' title='bbox 228 2587 383 2652; x_wconf 80' lang='lat' dir='ltr'><strong>Lingones]</strong></span> <span class='ocrx_word' id='word_1_232' title='bbox 407 2585 633 2637; x_wconf 75' lang='lat' dir='ltr'><strong>&#39;terminationem</strong></span> <span class='ocrx_word' id='word_1_233' title='bbox 652 2586 790 2638; x_wconf 74' lang='lat' dir='ltr'><strong>Graecam</strong></span> <span class='ocrx_word' id='word_1_234' title='bbox 809 2585 844 2637; x_wconf 82' lang='lat' dir='ltr'><strong>eh</strong></span> <span class='ocrx_word' id='word_1_235' title='bbox 865 2584 933 2636; x_wconf 81' lang='lat' dir='ltr'><strong>Oui.</strong></span> <span class='ocrx_word' id='word_1_236' title='bbox 945 2597 979 2635; x_wconf 83' lang='lat' dir='ltr'><strong>ex</strong></span> <span class='ocrx_word' id='word_1_237' title='bbox 992 2583 1076 2647; x_wconf 83' lang='lat' dir='ltr'><strong>iiong.</strong></span> <span class='ocrx_word' id='word_1_238' title='bbox 1089 2581 1147 2633; x_wconf 84' lang='lat' dir='ltr'><strong>AB.</strong></span> 
     </span>
     <span class='ocr_line' id='line_1_29' title="bbox 88 2651 1145 2723; baseline -0.004 -16"><span class='ocrx_word' id='word_1_239' title='bbox 88 2656 176 2707; x_wconf 81' lang='lat' dir='ltr'><strong>Voss.</strong></span> <span class='ocrx_word' id='word_1_240' title='bbox 198 2657 231 2704; x_wconf 89' lang='lat' dir='ltr'><strong>A.</strong></span> <span class='ocrx_word' id='word_1_241' title='bbox 252 2658 322 2708; x_wconf 81' lang='lat' dir='ltr'><strong>Lov.</strong></span> <span class='ocrx_word' id='word_1_242' title='bbox 342 2655 419 2709; x_wconf 81' lang='lat' dir='ltr'><strong>Leid.</strong></span> <span class='ocrx_word' id='word_1_243' title='bbox 438 2657 473 2706; x_wconf 89' lang='lat' dir='ltr'><strong>A.</strong></span> <span class='ocrx_word' id='word_1_244' title='bbox 497 2651 664 2723; x_wconf 82' lang='lat' dir='ltr'><strong>,‚aiiisque“</strong></span> <span class='ocrx_word' id='word_1_245' title='bbox 686 2662 827 2718; x_wconf 85' lang='lat' dir='ltr'><strong>reoeptam</strong></span> <span class='ocrx_word' id='word_1_246' title='bbox 844 2651 920 2706; x_wconf 73' lang='lat' dir='ltr'><strong>Gott.</strong></span> <span class='ocrx_word' id='word_1_247' title='bbox 932 2653 1016 2704; x_wconf 83' lang='lat' dir='ltr'><strong>Vini.</strong></span> <span class='ocrx_word' id='word_1_248' title='bbox 1036 2652 1072 2702; x_wconf 89' lang='lat' dir='ltr'><strong>A.</strong></span> <span class='ocrx_word' id='word_1_249' title='bbox 1091 2652 1145 2703; x_wconf 76' lang='lat' dir='ltr'><strong>Gu.</strong></span> 
     </span>
     <span class='ocr_line' id='line_1_30' title="bbox 90 2720 1145 2788; baseline -0.003 -15"><span class='ocrx_word' id='word_1_250' title='bbox 90 2724 191 2776; x_wconf 83' lang='lat' dir='ltr'><strong>iiomb.</strong></span> <span class='ocrx_word' id='word_1_251' title='bbox 210 2725 271 2776; x_wconf 85' lang='lat' dir='ltr'><strong>Pel.</strong></span> <span class='ocrx_word' id='word_1_252' title='bbox 283 2727 363 2776; x_wconf 83' lang='lat' dir='ltr'><strong>Vret.</strong></span> <span class='ocrx_word' id='word_1_253' title='bbox 385 2724 414 2775; x_wconf 84' lang='lat' dir='ltr'><strong>c.</strong></span> <span class='ocrx_word' id='word_1_254' title='bbox 430 2725 511 2776; x_wconf 77' lang='lat' dir='ltr'><strong>Goth.</strong></span> <span class='ocrx_word' id='word_1_255' title='bbox 524 2725 554 2772; x_wconf 87' lang='grc' dir='ltr'><strong>Β.</strong></span> <span class='ocrx_word' id='word_1_256' title='bbox 569 2730 729 2788; x_wconf 83' lang='lat' dir='ltr'><strong>agnoscunt.</strong></span> <span class='ocrx_word' id='word_1_257' title='bbox 764 2724 796 2773; x_wconf 91' lang='lat' dir='ltr'><strong>ln</strong></span> <span class='ocrx_word' id='word_1_258' title='bbox 808 2725 892 2786; x_wconf 82' lang='lat' dir='ltr'><strong>Bong.</strong></span> <span class='ocrx_word' id='word_1_259' title='bbox 906 2724 940 2774; x_wconf 90' lang='lat' dir='ltr'><strong>A.</strong></span> <span class='ocrx_word' id='word_1_260' title='bbox 954 2729 997 2771; x_wconf 84' lang='lat' dir='ltr'><strong>eet</strong></span> <span class='ocrx_word' id='word_1_261' title='bbox 1009 2720 1145 2788; x_wconf 73' lang='lat' dir='ltr'><strong>Liponae.</strong></span> 
     </span>
     <span class='ocr_line' id='line_1_31' title="bbox 90 2790 1146 2862; baseline -0.006 -17"><span class='ocrx_word' id='word_1_262' title='bbox 90 2792 258 2861; x_wconf 68' lang='lat' dir='ltr'><strong>Linquentes</strong></span> <span class='ocrx_word' id='word_1_263' title='bbox 279 2794 365 2845; x_wconf 88' lang='lat' dir='ltr'><strong>Bonn.</strong></span> <span class='ocrx_word' id='word_1_264' title='bbox 393 2793 539 2862; x_wconf 71' lang='lat' dir='ltr'><strong>Linponee</strong></span> <span class='ocrx_word' id='word_1_265' title='bbox 558 2793 656 2857; x_wconf 80' lang='lat' dir='ltr'><strong>reliqui</strong></span> <span class='ocrx_word' id='word_1_266' title='bbox 674 2805 734 2842; x_wconf 88' lang='lat' dir='ltr'><strong>eum</strong></span> <span class='ocrx_word' id='word_1_267' title='bbox 755 2794 816 2847; x_wconf 81' lang='lat' dir='ltr'><strong>edd.</strong></span> <span class='ocrx_word' id='word_1_268' title='bbox 837 2800 901 2844; x_wconf 83' lang='lat' dir='ltr'><strong>ente</strong></span> <span class='ocrx_word' id='word_1_269' title='bbox 921 2791 989 2843; x_wconf 76' lang='lat' dir='ltr'><strong>(tud.</strong></span> <span class='ocrx_word' id='word_1_270' title='bbox 1012 2790 1146 2841; x_wconf 83' lang='lat' dir='ltr'><strong>exhibent.</strong></span> 
     </span>
     <span class='ocr_line' id='line_1_32' title="bbox 90 2859 1144 2932; baseline -0.004 -18"><span class='ocrx_word' id='word_1_271' title='bbox 90 2863 136 2914; x_wconf 82' lang='lat' dir='ltr'><strong>Gi.</strong></span> <span class='ocrx_word' id='word_1_272' title='bbox 154 2877 179 2913; x_wconf 91' lang='lat' dir='ltr'><strong>e.</strong></span> <span class='ocrx_word' id='word_1_273' title='bbox 192 2860 228 2912; x_wconf 92' lang='grc'><strong>40</strong></span> <span class='ocrx_word' id='word_1_274' title='bbox 251 2862 344 2932; x_wconf 54' lang='lat'><strong>511,</strong></span> <span class='ocrx_word' id='word_1_275' title='bbox 367 2864 413 2914; x_wconf 85' lang='lat' dir='ltr'><strong>obi</strong></span> <span class='ocrx_word' id='word_1_276' title='bbox 426 2864 570 2931; x_wconf 71' lang='lat' dir='ltr'><strong>Linyones</strong></span> <span class='ocrx_word' id='word_1_277' title='bbox 590 2862 619 2912; x_wconf 91' lang='lat' dir='ltr'><strong>in</strong></span> <span class='ocrx_word' id='word_1_278' title='bbox 638 2860 778 2929; x_wconf 86' lang='lat' dir='ltr'><strong>piurimis,</strong></span> <span class='ocrx_word' id='word_1_279' title='bbox 802 2868 830 2912; x_wconf 83' lang='lat' dir='ltr'><strong>et</strong></span> <span class='ocrx_word' id='word_1_280' title='bbox 843 2863 870 2927; x_wconf 91' lang='grc'><strong>7,</strong></span> <span class='ocrx_word' id='word_1_281' title='bbox 887 2863 922 2925; x_wconf 83' lang='grc'><strong>9,</strong></span> <span class='ocrx_word' id='word_1_282' title='bbox 939 2859 984 2910; x_wconf 87' lang='lat' dir='ltr'><strong>ubi</strong></span> <span class='ocrx_word' id='word_1_283' title='bbox 997 2860 1144 2927; x_wconf 73' lang='lat' dir='ltr'><strong>Linponos</strong></span> 
     </span>
     <span class='ocr_line' id='line_1_33' title="bbox 90 2929 1203 3051; baseline -0.004 -68"><span class='ocrx_word' id='word_1_284' title='bbox 90 2932 121 2983; x_wconf 91' lang='lat' dir='ltr'><strong>in</strong></span> <span class='ocrx_word' id='word_1_285' title='bbox 136 2944 190 3051; x_wconf 67' lang='lat' dir='ltr'><strong>opo</strong></span> <span class='ocrx_word' id='word_1_286' title='bbox 209 2932 257 2983; x_wconf 84' lang='lat' dir='ltr'><strong>Dr.</strong></span> <span class='ocrx_word' id='word_1_287' title='bbox 271 2933 302 2982; x_wconf 85' lang='lat' dir='ltr'><strong>B.</strong></span> <span class='ocrx_word' id='word_1_288' title='bbox 318 2934 424 3002; x_wconf 84' lang='lat' dir='ltr'><strong>exstet,</strong></span> <span class='ocrx_word' id='word_1_289' title='bbox 444 2941 473 2986; x_wconf 84' lang='lat' dir='ltr'><strong>ot</strong></span> <span class='ocrx_word' id='word_1_290' title='bbox 485 2940 698 2997; x_wconf 86' lang='lat' dir='ltr'><strong>nostroquoque</strong></span> <span class='ocrx_word' id='word_1_291' title='bbox 710 2932 771 2984; x_wconf 88' lang='lat' dir='ltr'><strong>loco</strong></span> <span class='ocrx_word' id='word_1_292' title='bbox 786 2929 948 2995; x_wconf 78' lang='lat' dir='ltr'><strong>scripturam</strong></span> <span class='ocrx_word' id='word_1_293' title='bbox 959 2930 1068 2983; x_wconf 83' lang='lat' dir='ltr'><strong>dubiem</strong></span> <span class='ocrx_word' id='word_1_294' title='bbox 1079 2941 1144 2981; x_wconf 83' lang='lat' dir='ltr'><strong>esse</strong></span> <span class='ocrx_word' id='word_1_295' title='bbox 1199 2989 1203 2995; x_wconf 23' lang='grc' dir='ltr'>ἱ</span> 
     </span>
     <span class='ocr_line' id='line_1_34' title="bbox 89 3001 239 3065; baseline -0.033 -12"><span class='ocrx_word' id='word_1_296' title='bbox 89 3001 147 3053; x_wconf 87' lang='lat' dir='ltr'><strong>inte</strong></span> <span class='ocrx_word' id='word_1_297' title='bbox 171 3001 239 3065; x_wconf 84' lang='lat' dir='ltr'><strong>iges.</strong></span> 
     </span>
    </p>

    <p class='ocr_par' dir='ltr' id='par_1_10' title="bbox 125 3068 526 3136">
     <span class='ocr_line' id='line_1_35' title="bbox 125 3068 526 3136; baseline 0 -15"><span class='ocrx_word' id='word_1_298' title='bbox 125 3082 175 3121; x_wconf 87' lang='lat' dir='ltr'><strong>eos</strong></span> <span class='ocrx_word' id='word_1_299' title='bbox 189 3068 281 3132; x_wconf 82' lang='lat' dir='ltr'><strong>sequi]</strong></span> <span class='ocrx_word' id='word_1_300' title='bbox 303 3069 386 3136; x_wconf 80' lang='lat' dir='ltr'><strong>sequi</strong></span> <span class='ocrx_word' id='word_1_301' title='bbox 397 3071 479 3123; x_wconf 83' lang='lat' dir='ltr'><strong>Vini.</strong></span> <span class='ocrx_word' id='word_1_302' title='bbox 492 3072 526 3121; x_wconf 84' lang='lat' dir='ltr'><strong>A.</strong></span> 
     </span>
    </p>

    <p class='ocr_par' dir='ltr' id='par_1_11' title="bbox 126 3134 1068 3206">
     <span class='ocr_line' id='line_1_36' title="bbox 126 3134 1068 3206; baseline -0.008 -13"><span class='ocrx_word' id='word_1_303' title='bbox 126 3138 195 3203; x_wconf 72' lang='lat' dir='ltr'><strong>cap.</strong></span> <span class='ocrx_word' id='word_1_304' title='bbox 205 3138 255 3192; x_wconf 85' lang='grc'><strong>27.</strong></span> <span class='ocrx_word' id='word_1_305' title='bbox 272 3137 298 3200; x_wconf 78' lang='lat' dir='ltr'><strong>S.</strong></span> <span class='ocrx_word' id='word_1_306' title='bbox 312 3136 339 3190; x_wconf 82' lang='grc'><strong>2.</strong></span> <span class='ocrx_word' id='word_1_307' title='bbox 373 3141 409 3192; x_wconf 82' lang='lat' dir='ltr'><strong>ed</strong></span> <span class='ocrx_word' id='word_1_308' title='bbox 422 3142 519 3205; x_wconf 79' lang='lat' dir='ltr'><strong>pedes]</strong></span> <span class='ocrx_word' id='word_1_309' title='bbox 543 3139 582 3194; x_wconf 82' lang='lat' dir='ltr'><strong>cui</strong></span> <span class='ocrx_word' id='word_1_310' title='bbox 593 3153 623 3206; x_wconf 80' lang='lat' dir='ltr'><strong>p.</strong></span> <span class='ocrx_word' id='word_1_311' title='bbox 638 3138 699 3194; x_wconf 81' lang='lat' dir='ltr'><strong>etus</strong></span> <span class='ocrx_word' id='word_1_312' title='bbox 713 3138 788 3190; x_wconf 67' lang='lat' dir='ltr'><strong>incid.</strong></span> <span class='ocrx_word' id='word_1_313' title='bbox 801 3136 836 3189; x_wconf 89' lang='lat' dir='ltr'><strong>A.</strong></span> <span class='ocrx_word' id='word_1_314' title='bbox 851 3137 928 3202; x_wconf 78' lang='lat' dir='ltr'><strong>Egm.</strong></span> <span class='ocrx_word' id='word_1_315' title='bbox 940 3134 1020 3190; x_wconf 77' lang='lat' dir='ltr'><strong>Vtet-</strong></span> <span class='ocrx_word' id='word_1_316' title='bbox 1033 3135 1068 3187; x_wconf 82' lang='lat' dir='ltr'><strong>A.</strong></span> 
     </span>
    </p>
   </div>
   <div class='ocr_carea' id='block_1_4' title="bbox 54 3293 1256 4202">
    <p class='ocr_par' dir='ltr' id='par_1_12' title="bbox 55 3293 1237 3499">
     <span class='ocr_line' id='line_1_37' title="bbox 56 3293 1143 3365; baseline -0.001 -16"><span class='ocrx_word' id='word_1_317' title='bbox 56 3294 151 3349; x_wconf 76' lang='lat' dir='ltr'><strong>taonis</strong></span> <span class='ocrx_word' id='word_1_318' title='bbox 171 3294 300 3348; x_wconf 81' lang='lat' dir='ltr'><strong>usitatae.</strong></span> <span class='ocrx_word' id='word_1_319' title='bbox 341 3293 430 3363; x_wconf 73' lang='lat' dir='ltr'><strong>cti,</strong></span> <span class='ocrx_word' id='word_1_320' title='bbox 446 3294 493 3349; x_wconf 88' lang='grc'><strong>48.</strong></span> <span class='ocrx_word' id='word_1_321' title='bbox 517 3295 580 3347; x_wconf 79' lang='lat' dir='ltr'><strong>Liv.</strong></span> <span class='ocrx_word' id='word_1_322' title='bbox 623 3303 710 3361; x_wconf 84' lang='lat' dir='ltr'><strong>retur,</strong></span> <span class='ocrx_word' id='word_1_323' title='bbox 723 3295 819 3345; x_wconf 84' lang='lat' dir='ltr'><strong>deinde</strong></span> <span class='ocrx_word' id='word_1_324' title='bbox 832 3293 874 3344; x_wconf 85' lang='lat' dir='ltr'><strong>rei</strong></span> <span class='ocrx_word' id='word_1_325' title='bbox 888 3295 1013 3365; x_wconf 70' lang='lat' dir='ltr'><strong>effeetus,</strong></span> <span class='ocrx_word' id='word_1_326' title='bbox 1031 3294 1077 3359; x_wconf 83' lang='lat' dir='ltr'><strong>qni</strong></span> <span class='ocrx_word' id='word_1_327' title='bbox 1090 3307 1143 3358; x_wconf 85' lang='lat' dir='ltr'><strong>quo</strong></span> 
     </span>
     <span class='ocr_line' id='line_1_38' title="bbox 55 3362 1143 3429; baseline 0.002 -14"><span class='ocrx_word' id='word_1_328' title='bbox 55 3367 110 3428; x_wconf 75' lang='lat'><strong>²6,</strong></span> <span class='ocrx_word' id='word_1_329' title='bbox 128 3363 156 3416; x_wconf 73' lang='lat'><strong>5.</strong></span> <span class='ocrx_word' id='word_1_330' title='bbox 184 3365 287 3416; x_wconf 78' lang='lat' dir='ltr'><strong>Solust.</strong></span> <span class='ocrx_word' id='word_1_331' title='bbox 308 3366 407 3429; x_wconf 80' lang='lat' dir='ltr'><strong>iregm.</strong></span> <span class='ocrx_word' id='word_1_332' title='bbox 419 3363 456 3416; x_wconf 91' lang='grc'><strong>44</strong></span> <span class='ocrx_word' id='word_1_333' title='bbox 477 3380 504 3429; x_wconf 85' lang='lat' dir='ltr'><strong>p.</strong></span> <span class='ocrx_word' id='word_1_334' title='bbox 518 3369 580 3417; x_wconf 86' lang='grc'><strong>229.</strong></span> <span class='ocrx_word' id='word_1_335' title='bbox 624 3367 725 3417; x_wconf 81' lang='lat' dir='ltr'><strong>certios</strong></span> <span class='ocrx_word' id='word_1_336' title='bbox 745 3362 914 3428; x_wconf 83' lang='lat' dir='ltr'><strong>intelligetur</strong></span> <span class='ocrx_word' id='word_1_337' title='bbox 929 3365 1005 3415; x_wconf 85' lang='lat' dir='ltr'><strong>iliius</strong></span> <span class='ocrx_word' id='word_1_338' title='bbox 1018 3365 1060 3417; x_wconf 83' lang='lat' dir='ltr'><strong>rei</strong></span> <span class='ocrx_word' id='word_1_339' title='bbox 1073 3367 1143 3417; x_wconf 86' lang='lat' dir='ltr'><strong>etie-</strong></span> 
     </span>
     <span class='ocr_line' id='line_1_39' title="bbox 55 3434 1237 3499; baseline 0.001 -13"><span class='ocrx_word' id='word_1_340' title='bbox 55 3434 135 3487; x_wconf 74' lang='lat' dir='ltr'><strong>oen.</strong></span> <span class='ocrx_word' id='word_1_341' title='bbox 146 3434 245 3485; x_wconf 77' lang='lat' dir='ltr'><strong>Veler.</strong></span> <span class='ocrx_word' id='word_1_342' title='bbox 259 3436 333 3484; x_wconf 78' lang='lat' dir='ltr'><strong>Mox.</strong></span> <span class='ocrx_word' id='word_1_343' title='bbox 344 3437 371 3484; x_wconf 79' lang='lat'><strong>3.</strong></span> <span class='ocrx_word' id='word_1_344' title='bbox 388 3438 422 3499; x_wconf 85' lang='lat'><strong>2,</strong></span> <span class='ocrx_word' id='word_1_345' title='bbox 438 3436 482 3486; x_wconf 78' lang='grc'><strong>23.</strong></span> <span class='ocrx_word' id='word_1_346' title='bbox 623 3443 684 3485; x_wconf 84' lang='lat' dir='ltr'><strong>etue</strong></span> <span class='ocrx_word' id='word_1_347' title='bbox 695 3434 793 3486; x_wconf 79' lang='lat' dir='ltr'><strong>tuisse.</strong></span> <span class='ocrx_word' id='word_1_348' title='bbox 805 3434 846 3483; x_wconf 90' lang='lat' dir='ltr'><strong>rei</strong></span> <span class='ocrx_word' id='word_1_349' title='bbox 858 3434 1073 3487; x_wconf 77' lang='lat' dir='ltr'><strong>commemoratio</strong></span> <span class='ocrx_word' id='word_1_350' title='bbox 1087 3436 1143 3487; x_wconf 85' lang='lat' dir='ltr'><strong>ite·</strong></span> <span class='ocrx_word' id='word_1_351' title='bbox 1233 3442 1237 3452; x_wconf 83' lang='grc'><strong><em>’</em></strong></span> 
     </span>
    </p>

    <p class='ocr_par' dir='ltr' id='par_1_13' title="bbox 54 3497 1144 4061">
     <span class='ocr_line' id='line_1_40' title="bbox 112 3497 1142 3584; baseline 0.008 -32"><span class='ocrx_word' id='word_1_352' title='bbox 112 3502 142 3562; x_wconf 80' lang='lat' dir='ltr'><strong>s.</strong></span> <span class='ocrx_word' id='word_1_353' title='bbox 156 3497 184 3553; x_wconf 84' lang='grc'><strong>4.</strong></span> <span class='ocrx_word' id='word_1_354' title='bbox 211 3504 377 3566; x_wconf 70' lang='lat' dir='ltr'><strong>amensque]</strong></span> <span class='ocrx_word' id='word_1_355' title='bbox 392 3502 540 3568; x_wconf 69' lang='lat' dir='ltr'><strong>,dequibus</strong></span> <span class='ocrx_word' id='word_1_356' title='bbox 555 3515 580 3552; x_wconf 81' lang='lat' dir='ltr'><strong>e.</strong></span> <span class='ocrx_word' id='word_1_357' title='bbox 623 3512 709 3555; x_wconf 78' lang='lat' dir='ltr'><strong>ratur.</strong></span> <span class='ocrx_word' id='word_1_358' title='bbox 760 3498 815 3559; x_wconf 57' lang='lat' dir='ltr'><strong>(ite</strong></span> <span class='ocrx_word' id='word_1_359' title='bbox 842 3501 940 3573; x_wconf 64' lang='lat' dir='ltr'><strong>ringer</strong></span> <span class='ocrx_word' id='word_1_360' title='bbox 969 3501 1033 3570; x_wconf 75' lang='lat' dir='ltr'><strong>itote</strong></span> <span class='ocrx_word' id='word_1_361' title='bbox 1061 3515 1142 3584; x_wconf 67' lang='lat' dir='ltr'><strong>gerp</strong></span> 
     </span>
     <span class='ocr_line' id='line_1_41' title="bbox 54 3568 1142 3638; baseline 0.004 -15"><span class='ocrx_word' id='word_1_362' title='bbox 54 3574 94 3623; x_wconf 86' lang='grc'><strong>22</strong></span> <span class='ocrx_word' id='word_1_363' title='bbox 114 3578 186 3622; x_wconf 83' lang='lat' dir='ltr'><strong>extr.</strong></span> <span class='ocrx_word' id='word_1_364' title='bbox 205 3572 306 3623; x_wconf 85' lang='lat' dir='ltr'><strong>dietum</strong></span> <span class='ocrx_word' id='word_1_365' title='bbox 327 3580 380 3623; x_wconf 84' lang='lat' dir='ltr'><strong>est.</strong></span> <span class='ocrx_word' id='word_1_366' title='bbox 414 3572 447 3624; x_wconf 90' lang='lat' dir='ltr'><strong>in</strong></span> <span class='ocrx_word' id='word_1_367' title='bbox 467 3573 508 3623; x_wconf 82' lang='lat' dir='ltr'><strong>iris</strong></span> <span class='ocrx_word' id='word_1_368' title='bbox 529 3584 581 3622; x_wconf 86' lang='lat' dir='ltr'><strong>ex·</strong></span> <span class='ocrx_word' id='word_1_369' title='bbox 623 3570 712 3634; x_wconf 57' lang='lat' dir='ltr'><strong>medei</strong></span> <span class='ocrx_word' id='word_1_370' title='bbox 729 3568 869 3638; x_wconf 70' lang='lat' dir='ltr'><strong>hinniendo,</strong></span> <span class='ocrx_word' id='word_1_371' title='bbox 894 3574 949 3631; x_wconf 70' lang='lat' dir='ltr'><strong>utri</strong></span> <span class='ocrx_word' id='word_1_372' title='bbox 970 3571 1029 3631; x_wconf 79' lang='lat' dir='ltr'><strong>toeil</strong></span> <span class='ocrx_word' id='word_1_373' title='bbox 1043 3570 1077 3636; x_wconf 75' lang='lat' dir='ltr'><strong>stt</strong></span> <span class='ocrx_word' id='word_1_374' title='bbox 1095 3568 1142 3631; x_wconf 68' lang='lat' dir='ltr'><strong>itte</strong></span> 
     </span>
     <span class='ocr_line' id='line_1_42' title="bbox 56 3638 1143 3722; baseline 0.007 -32"><span class='ocrx_word' id='word_1_375' title='bbox 56 3641 213 3722; x_wconf 72' lang='lat' dir='ltr'><strong>pugnonuis</strong></span> <span class='ocrx_word' id='word_1_376' title='bbox 225 3641 398 3704; x_wconf 79' lang='lat' dir='ltr'><strong>potissimum</strong></span> <span class='ocrx_word' id='word_1_377' title='bbox 413 3643 512 3692; x_wconf 80' lang='lat' dir='ltr'><strong>coedes</strong></span> <span class='ocrx_word' id='word_1_378' title='bbox 530 3642 581 3693; x_wconf 80' lang='lat' dir='ltr'><strong>iilo</strong></span> <span class='ocrx_word' id='word_1_379' title='bbox 624 3638 767 3708; x_wconf 70' lang='lat' dir='ltr'><strong>nen-tibet</strong></span> <span class='ocrx_word' id='word_1_380' title='bbox 780 3641 920 3711; x_wconf 61' lang='lat' dir='ltr'><strong>seruisset</strong></span> <span class='ocrx_word' id='word_1_381' title='bbox 932 3643 1026 3710; x_wconf 65' lang='lat' dir='ltr'><strong>seruit</strong></span> <span class='ocrx_word' id='word_1_382' title='bbox 1038 3642 1143 3710; x_wconf 72' lang='lat' dir='ltr'><strong>triten,</strong></span> 
     </span>
     <span class='ocr_line' id='line_1_43' title="bbox 56 3706 1143 3781; baseline 0.008 -20"><span class='ocrx_word' id='word_1_383' title='bbox 56 3711 204 3761; x_wconf 75' lang='lat' dir='ltr'><strong>noueram</strong></span> <span class='ocrx_word' id='word_1_384' title='bbox 217 3717 246 3761; x_wconf 80' lang='lat' dir='ltr'><strong>eo</strong></span> <span class='ocrx_word' id='word_1_385' title='bbox 258 3723 401 3773; x_wconf 77' lang='lat' dir='ltr'><strong>puerorum</strong></span> <span class='ocrx_word' id='word_1_386' title='bbox 413 3711 490 3763; x_wconf 78' lang='lat' dir='ltr'><strong>foere</strong></span> <span class='ocrx_word' id='word_1_387' title='bbox 502 3710 582 3761; x_wconf 83' lang='lat' dir='ltr'><strong>vioe-</strong></span> <span class='ocrx_word' id='word_1_388' title='bbox 623 3714 650 3778; x_wconf 69' lang='lat' dir='ltr'><strong>fo</strong></span> <span class='ocrx_word' id='word_1_389' title='bbox 670 3706 760 3767; x_wconf 77' lang='lat' dir='ltr'><strong>tomen</strong></span> <span class='ocrx_word' id='word_1_390' title='bbox 780 3709 814 3776; x_wconf 74' lang='lat' dir='ltr'><strong>sie</strong></span> <span class='ocrx_word' id='word_1_391' title='bbox 831 3726 875 3769; x_wconf 80' lang='lat' dir='ltr'><strong>em</strong></span> <span class='ocrx_word' id='word_1_392' title='bbox 894 3713 992 3772; x_wconf 76' lang='lat' dir='ltr'><strong>stetten</strong></span> <span class='ocrx_word' id='word_1_393' title='bbox 1011 3713 1087 3781; x_wconf 64' lang='lat' dir='ltr'><strong>iisse</strong></span> <span class='ocrx_word' id='word_1_394' title='bbox 1112 3710 1143 3770; x_wconf 81' lang='lat' dir='ltr'><strong>iu</strong></span> 
     </span>
     <span class='ocr_line' id='line_1_44' title="bbox 56 3779 1143 3853; baseline 0.006 -22"><span class='ocrx_word' id='word_1_395' title='bbox 56 3787 122 3845; x_wconf 83' lang='lat' dir='ltr'><strong>our,</strong></span> <span class='ocrx_word' id='word_1_396' title='bbox 154 3790 235 3842; x_wconf 85' lang='lat' dir='ltr'><strong>quarn</strong></span> <span class='ocrx_word' id='word_1_397' title='bbox 261 3780 424 3832; x_wconf 76' lang='lat' dir='ltr'><strong>Piumroons</strong></span> <span class='ocrx_word' id='word_1_398' title='bbox 446 3779 528 3833; x_wconf 77' lang='lat' dir='ltr'><strong>coer.</strong></span> <span class='ocrx_word' id='word_1_399' title='bbox 546 3781 582 3832; x_wconf 88' lang='lat'><strong>18</strong></span> <span class='ocrx_word' id='word_1_400' title='bbox 624 3783 672 3838; x_wconf 78' lang='lat' dir='ltr'><strong>nee</strong></span> <span class='ocrx_word' id='word_1_401' title='bbox 688 3780 991 3853; x_wconf 64' lang='lat' dir='ltr'><strong>itebiettcriinsonen.</strong></span> <span class='ocrx_word' id='word_1_402' title='bbox 1027 3786 1143 3847; x_wconf 74' lang='lat' dir='ltr'><strong>Quodsi</strong></span> 
     </span>
     <span class='ocr_line' id='line_1_45' title="bbox 58 3849 1142 3922; baseline 0.006 -22"><span class='ocrx_word' id='word_1_403' title='bbox 58 3856 269 3915; x_wconf 82' lang='lat' dir='ltr'><strong>oommemorot‚</strong></span> <span class='ocrx_word' id='word_1_404' title='bbox 304 3849 427 3916; x_wconf 77' lang='lat' dir='ltr'><strong>caesar,</strong></span> <span class='ocrx_word' id='word_1_405' title='bbox 460 3851 586 3902; x_wconf 78' lang='lat' dir='ltr'><strong>fortusse</strong></span> <span class='ocrx_word' id='word_1_406' title='bbox 623 3854 1142 3922; x_wconf 82' lang='lat' dir='ltr'><strong>iiienoeteveipaululumquievissent,</strong></span> 
     </span>
     <span class='ocr_line' id='line_1_46' title="bbox 57 3917 1144 3999; baseline 0.007 -31"><span class='ocrx_word' id='word_1_407' title='bbox 57 3918 131 3999; x_wconf 73' lang='lat' dir='ltr'><strong>quoi</strong></span> <span class='ocrx_word' id='word_1_408' title='bbox 148 3917 239 3988; x_wconf 84' lang='lat' dir='ltr'><strong>minus</strong></span> <span class='ocrx_word' id='word_1_409' title='bbox 252 3919 427 3971; x_wconf 79' lang='lat' dir='ltr'><strong>honorificem</strong></span> <span class='ocrx_word' id='word_1_410' title='bbox 439 3932 503 3970; x_wconf 86' lang='lat' dir='ltr'><strong>esse</strong></span> <span class='ocrx_word' id='word_1_411' title='bbox 517 3933 582 3971; x_wconf 87' lang='lat' dir='ltr'><strong>sen·</strong></span> <span class='ocrx_word' id='word_1_412' title='bbox 624 3923 668 3972; x_wconf 80' lang='lat' dir='ltr'><strong>oie</strong></span> <span class='ocrx_word' id='word_1_413' title='bbox 681 3930 777 3986; x_wconf 79' lang='lat' dir='ltr'><strong>quarto</strong></span> <span class='ocrx_word' id='word_1_414' title='bbox 788 3924 858 3974; x_wconf 80' lang='lat' dir='ltr'><strong>fines</strong></span> <span class='ocrx_word' id='word_1_415' title='bbox 869 3927 1020 3990; x_wconf 68' lang='lat' dir='ltr'><strong>lingonum</strong></span> <span class='ocrx_word' id='word_1_416' title='bbox 1031 3939 1086 3979; x_wconf 89' lang='lat' dir='ltr'><strong>non</strong></span> <span class='ocrx_word' id='word_1_417' title='bbox 1100 3933 1144 3976; x_wconf 84' lang='lat' dir='ltr'><strong>ot·</strong></span> 
     </span>
     <span class='ocr_line' id='line_1_47' title="bbox 59 3986 1100 4061; baseline 0.004 -21"><span class='ocrx_word' id='word_1_418' title='bbox 59 3993 142 4053; x_wconf 74' lang='lat' dir='ltr'><strong>teret,</strong></span> <span class='ocrx_word' id='word_1_419' title='bbox 155 3986 267 4038; x_wconf 82' lang='lat' dir='ltr'><strong>silentio</strong></span> <span class='ocrx_word' id='word_1_420' title='bbox 280 3987 472 4052; x_wconf 75' lang='lat' dir='ltr'><strong>praetermisit.</strong></span> <span class='ocrx_word' id='word_1_421' title='bbox 627 3992 760 4056; x_wconf 78' lang='lat' dir='ltr'><strong>tigisseot.</strong></span> <span class='ocrx_word' id='word_1_422' title='bbox 794 3992 840 4046; x_wconf 83' lang='lat' dir='ltr'><strong>Gi.</strong></span> <span class='ocrx_word' id='word_1_423' title='bbox 854 3995 916 4047; x_wconf 76' lang='lat' dir='ltr'><strong>Gir.</strong></span> <span class='ocrx_word' id='word_1_424' title='bbox 929 3999 963 4061; x_wconf 79' lang='grc'><strong>3,</strong></span> <span class='ocrx_word' id='word_1_425' title='bbox 977 3994 1016 4048; x_wconf 74' lang='grc'><strong>77</strong></span> <span class='ocrx_word' id='word_1_426' title='bbox 1033 3995 1060 4057; x_wconf 75' lang='lat'><strong>8.</strong></span> <span class='ocrx_word' id='word_1_427' title='bbox 1074 3999 1100 4045; x_wconf 74' lang='lat'><strong>³.</strong></span> 
     </span>
    </p>

    <p class='ocr_par' dir='ltr' id='par_1_14' title="bbox 61 4054 1256 4202">
     <span class='ocr_line' id='line_1_48' title="bbox 112 4054 1256 4138; baseline 0.006 -30"><span class='ocrx_word' id='word_1_428' title='bbox 112 4054 141 4116; x_wconf 73' lang='lat' dir='ltr'><strong>S·</strong></span> <span class='ocrx_word' id='word_1_429' title='bbox 155 4054 182 4109; x_wconf 86' lang='lat'><strong>5.</strong></span> <span class='ocrx_word' id='word_1_430' title='bbox 216 4057 458 4138; x_wconf 75' lang='lat' dir='ltr'><strong>osque-ierunt:</strong></span> <span class='ocrx_word' id='word_1_431' title='bbox 481 4060 583 4109; x_wconf 82' lang='lat' dir='ltr'><strong>nulium</strong></span> <span class='ocrx_word' id='word_1_432' title='bbox 677 4062 745 4123; x_wconf 83' lang='lat' dir='ltr'><strong>cop.</strong></span> <span class='ocrx_word' id='word_1_433' title='bbox 759 4066 802 4115; x_wconf 87' lang='grc'><strong>27.</strong></span> <span class='ocrx_word' id='word_1_434' title='bbox 826 4062 853 4123; x_wconf 75' lang='lat' dir='ltr'><strong>S.</strong></span> <span class='ocrx_word' id='word_1_435' title='bbox 868 4069 894 4116; x_wconf 90' lang='grc'><strong>2.</strong></span> <span class='ocrx_word' id='word_1_436' title='bbox 934 4065 1145 4128; x_wconf 81' lang='lat' dir='ltr'><strong>sopoiioiterque</strong></span> <span class='ocrx_word' id='word_1_437' title='bbox 1199 4116 1202 4120; x_wconf 79' lang='grc'>,</span> <span class='ocrx_word' id='word_1_438' title='bbox 1253 4118 1256 4123; x_wconf 78' lang='grc'>,</span> 
     </span>
     <span class='ocr_line' id='line_1_49' title="bbox 61 4127 1107 4202; baseline 0.005 -24"><span class='ocrx_word' id='word_1_439' title='bbox 61 4129 303 4192; x_wconf 77' lang='lat' dir='ltr'><strong>-perveueruutl</strong></span> <span class='ocrx_word' id='word_1_440' title='bbox 326 4127 446 4181; x_wconf 73' lang='lat' dir='ltr'><strong>remon</strong></span> <span class='ocrx_word' id='word_1_441' title='bbox 458 4139 505 4180; x_wconf 85' lang='lat' dir='ltr'><strong>res</strong></span> <span class='ocrx_word' id='word_1_442' title='bbox 517 4136 584 4187; x_wconf 55' lang='lat' dir='ltr'><strong>uere</strong></span> <span class='ocrx_word' id='word_1_443' title='bbox 630 4133 729 4196; x_wconf 75' lang='lat' dir='ltr'><strong>ioooti]</strong></span> <span class='ocrx_word' id='word_1_444' title='bbox 751 4131 795 4185; x_wconf 76' lang='lat' dir='ltr'><strong>cr.</strong></span> <span class='ocrx_word' id='word_1_445' title='bbox 807 4135 871 4187; x_wconf 80' lang='lat' dir='ltr'><strong>son.</strong></span> <span class='ocrx_word' id='word_1_446' title='bbox 886 4136 922 4188; x_wconf 79' lang='lat' dir='ltr'><strong>so</strong></span> <span class='ocrx_word' id='word_1_447' title='bbox 934 4139 968 4202; x_wconf 87' lang='lat'><strong>2,</strong></span> <span class='ocrx_word' id='word_1_448' title='bbox 985 4136 1018 4185; x_wconf 76' lang='lat'><strong>31</strong></span> <span class='ocrx_word' id='word_1_449' title='bbox 1036 4133 1064 4197; x_wconf 77' lang='lat' dir='ltr'><strong>s.</strong></span> <span class='ocrx_word' id='word_1_450' title='bbox 1080 4137 1107 4187; x_wconf 79' lang='grc' dir='ltr'><strong>ι.</strong></span> 
     </span>
    </p>
   </div>
   <div class='ocr_carea' id='block_1_5' title="bbox 0 0 1292 4688">
    <p class='ocr_par' dir='ltr' id='par_1_15' title="bbox 0 0 1292 4688">
     <span class='ocr_line' id='line_1_50' title="bbox 0 0 1292 4688; baseline 0 0"><span class='ocrx_word' id='word_1_451' title='bbox 0 0 1292 4688; x_wconf 95' lang='lat' dir='ltr'><strong> </strong></span> 
     </span>
    </p>
   </div>
  </div>
 </body>
</html>
