2572 4688
391 269 523 347 'titt
552 270 584 345 l.
625 268 747 346 GAP.
775 273 819 344 tt
1114 275 1162 347 eu

79 460 256 542 tribueret,
279 466 338 528 aut
360 459 455 548 ipsos
470 459 677 550 despiceret:
699 484 737 527 sc
750 460 800 529 ite
819 483 839 529 a
856 461 1011 550 putribus
1024 462 1162 531 tuciori-

77 552 200 635 busque
216 548 290 615 snis
304 547 482 629 didicisse,
503 555 544 614 ut
560 551 667 635 magis
687 552 831 632 virtute,
860 571 961 636 quum
982 549 1060 617 dolo
1080 574 1162 618 cen·

27 666 29 675 ·
77 637 248 705 tenderent
270 644 331 702 out
351 636 485 715 insidiis
507 637 709 706 niterentur.
783 636 900 724 Quare
917 658 959 703 ne
970 640 1160 706 committe·
1180 642 1204 712 5

75 732 138 805 ret,
167 730 209 790 ut
227 724 259 790 is
280 726 397 803 loeus,
425 722 493 789 ubi
505 725 757 804 constitissent,
777 747 819 790 ex
832 725 1025 791 eelemitete
1041 726 1162 815 pepuli

76 811 216 879 Romani
236 816 272 876 et
291 812 512 879 internicione
534 813 702 877 exercitus
724 832 844 878 nomen
865 822 1002 901 caperet
1017 820 1078 879 aut
1091 836 1162 880 me-

76 901 212 967 morium
237 898 413 985 proderet.
496 902 552 971 14.
584 898 651 966 His
670 898 800 968 Cacsar
818 901 870 966 ita
884 900 1078 990 respondit:
1108 901 1161 968 Eo

138 1075 167 1136 S.
186 1074 214 1127 5.
246 1074 439 1136 internicione]
465 1073 524 1125 Pet.
536 1077 620 1127 Voss.
640 1076 676 1125 A.
694 1077 771 1137 Eum.
791 1075 865 1126 Gott.
879 1076 959 1127 Vrnt.
981 1075 1111 1129 wind.
1128 1079 1163 1129 n.

87 1146 179 1203 ,telon
201 1145 243 1194 In.
265 1145 444 1196 inernicionc
463 1144 546 1195 Vind.
564 1147 598 1194 A.
623 1143 813 1196 interstitione
831 1147 909 1195 Goth.
931 1149 964 1195 A.
983 1145 1065 1209 vind.
1088 1146 1159 1198 cul.

104 1217 177 1266 bled.
197 1227 223 1266 e.
236 1215 308 1264 Ven.
327 1215 414 1265 tedet.
432 1215 493 1264 Ber.
507 1215 570 1264 Ald.
584 1212 658 1275 Lips.
677 1214 847 1264 interitione
860 1216 907 1264 Dr.
922 1217 955 1265 A.
969 1216 1049 1266 Vind.
1063 1218 1092 1266 Β.
1111 1217 1161 1266 in-

104 1282 246 1335 trictione
258 1285 354 1334 llnmb.
374 1282 585 1334 intersectione
598 1284 646 1333 D'r.
658 1285 689 1332 B.
706 1284 922 1336 interventione
936 1287 1021 1334 Boon.
1032 1285 1113 1336 Vret.
1125 1286 1159 1336 Β.

102 1354 299 1404 internetione
313 1355 390 1402 Rem.
405 1365 430 1402 a.
444 1353 492 1402 Gr.
508 1365 533 1404 e.
551 1353 748 1403 internecione
761 1354 820 1401 eod.
835 1354 926 1403 lirant.
941 1356 1019 1404 vret.
1033 1354 1063 1405 c.
1077 1355 1160 1405 Goon.
1194 1408 1198 1414 ,

105 1424 134 1473 Β.
148 1425 240 1485 Stepb.
257 1424 326 1473 Dav.
341 1421 435 1471 Clark.
451 1422 535 1487 0nd.‚
561 1422 606 1483 qui
621 1424 654 1471 de
666 1422 802 1472 codicibus
816 1424 874 1471 suis
886 1422 953 1472 nihil
964 1423 1018 1472 nisi
1031 1423 1161 1474 interni-

104 1492 184 1543 tione
203 1499 231 1540 et
243 1490 437 1542 internicione
451 1491 478 1540 in
491 1490 533 1538 eis
545 1498 576 1540 nt
588 1490 616 1540 in
629 1492 688 1541 edd.
704 1497 771 1539 vett.
785 1502 847 1539 esse
861 1492 934 1542 dicit.
969 1492 1057 1542 Etiam
1072 1499 1106 1560 2,
1123 1491 1160 1543 2⁸

105 1569 134 1611 et
147 1562 207 1610 ΑΒ.
222 1560 256 1612 52
274 1561 382 1610 codices
395 1559 422 1609 id
435 1567 559 1623 tuentur,
576 1562 645 1622 qnod
660 1562 685 1610 b.
698 1560 718 1612 l.
732 1558 899 1630 recepimus,
917 1561 1039 1626 quodque
1052 1563 1088 1613 ud
1099 1572 1161 1614 me-

105 1632 168 1683 dum
179 1630 296 1681 neminis
308 1628 454 1696 pernicies
466 1629 570 1680 tectum
581 1636 634 1680 est.

77 1785 209 1850 emotum
221 1797 293 1852 esse,
309 1787 345 1837 ct
358 1786 471 1838 moneri
483 1786 594 1854 debent,
637 1798 691 1850 quo
703 1783 731 1837 in
745 1783 799 1836 tine
812 1798 837 1835 c.
852 1781 887 1837 14
902 1782 1054 1836 institutos
1070 1797 1143 1839 esse.

79 1866 108 1903 ne
126 1857 159 1905 ob
180 1867 241 1905 enm
265 1867 323 1904 rem
348 1855 424 1918 ipses
448 1858 592 1918 despiciet.
688 1857 894 1914 contenderent]
937 1855 1069 1919 Virtute,
1091 1857 1160 1907 uolo

79 1922 162 1986 Vulgo
187 1924 263 1988 qnod
287 1923 443 1982 significare
471 1933 593 1978 statuunt
636 1928 799 1975 contendere
817 1937 871 1974 non
893 1924 972 1975 aliter
988 1925 1088 1974 dictum
1105 1927 1161 1988 est,

79 1994 147 2057 nucu
161 1994 270 2043 attinet
282 1994 321 2042 orl
333 1993 367 2042 nt
370 2026 381 2060 ,
406 1996 500 2060 qnod,
523 2005 592 2058 quae
636 2007 716 2056 quem
737 1993 828 2046 armis
853 2006 877 2042 c.
896 1997 948 2061 31,
972 1993 1090 2043 summis
1107 2007 1160 2045 co·-

80 2062 217 2124 explicetio
238 2062 273 2113 ed
290 2075 401 2113 sensum
413 2076 467 2114 non
487 2066 592 2115 incem-
634 2063 690 2126 piis
703 2063 729 2127 5,
748 2065 792 2124 17,
807 2063 954 2130 proiicit,
970 2062 1021 2129 50,
1045 2063 1078 2118 ei
1090 2060 1116 2131 t,
1131 2061 1160 2113 t.

81 2134 150 2184 modo
165 2133 297 2182 rationem
316 2132 441 2184 dictionis
459 2145 512 2183 non
527 2135 592 2182 red·
635 2127 682 2194 strio
701 2131 745 2184 tet
764 2123 933 2210 Septerteit,
964 2129 1008 2187 itt
1029 2127 1079 2199 tiso
1097 2141 1160 2201 ettttt

41 2260 43 2269 ⁴
82 2199 122 2250 tlt.
154 2198 198 2250 ct.
219 2200 338 2260 zumptii
355 2214 467 2264 gramm
488 2202 592 2262 §.6²2
634 2197 892 2266 monstruosum.
949 2224 951 2231 ι

124 2269 266 2328 tribueret]
283 2270 592 2322 Heeverbumsbsotu-
687 2278 735 2321 aut
754 2270 861 2321 insidiis
883 2269 1047 2330 niterentur]
1080 2271 1106 2320 b.
1131 2282 1158 2320 e.

83 2343 106 2386 te
121 2339 233 2400 positum
251 2338 448 2415 significatione
465 2351 519 2389 non
537 2338 592 2388 dil·
634 2337 794 2389 insidiarum
820 2353 871 2401 epe
892 2341 920 2388 et
944 2339 1045 2390 auxilio
1067 2339 1161 2390 victo-

83 2407 129 2456 iert
147 2408 181 2459 eb
196 2407 359 2459 Germanico
374 2405 422 2470 otti
436 2408 520 2463 tutati
536 2405 592 2472 bots
634 2409 704 2458 riam
719 2410 847 2471 consequi
860 2409 1009 2458 studerent.
1033 2408 1090 2459 niti
1104 2421 1160 2459 neu

84 2475 136 2539 tto,
152 2483 180 2526 et
191 2478 306 2528 eandem
318 2476 375 2526 vim
391 2479 488 2543 nabet,
511 2491 592 2541 quam
636 2476 785 2538 simplicem
803 2486 831 2527 et
849 2475 968 2540 quietam
987 2477 1069 2528 animi
1087 2477 1161 2528 titiu-

84 2544 164 2596 eddite
175 2546 287 2612 aliquid
305 2546 352 2595 vel
370 2549 493 2597 mutum
506 2548 592 2597 bebe-
635 2546 706 2596 ciem
719 2546 747 2594 in
760 2547 852 2610 eliqua
866 2559 897 2597 re
910 2547 1036 2613 positam,
1051 2546 1100 2597 red
1113 2546 1159 2596 vi-

83 2616 195 2666 resolet.
228 2615 357 2664 similiter
375 2614 515 2666 ciceronis
534 2615 592 2666 Ita-
635 2616 705 2665 rium
726 2614 899 2664 intentionem
921 2615 1003 2666 alicui
1031 2623 1160 2676 tenentum

83 2682 132 2733 nil.
146 2687 195 2750 tit,
209 2685 243 2734 92
272 2685 341 2733 Volo
355 2684 432 2734 enim
444 2688 473 2736 te
486 2684 593 2736 emisti·
635 2682 776 2747 grunniet
791 2685 963 2735 fundamento
976 2682 1159 2734 insistentium

83 2764 155 2804 more
171 2765 233 2816 me,
255 2764 321 2803 enm
336 2755 473 2805 universo
494 2754 593 2805 ordini
635 2765 774 2814 excoque
795 2765 904 2802 sursum
928 2751 1091 2802 tendentium
1117 2752 1160 2801 si-

83 2822 289 2886 putlicanorum
318 2835 431 2887 semper
461 2823 592 2874 libentis-
634 2821 756 2886 gnificat.
789 2819 832 2870 ct.
852 2821 913 2871 civ.
933 2823 965 2887 1,
987 2820 1039 2872 45:
1063 2823 1162 2872 tnnten

83 2889 144 2943 nme
173 2892 329 2944 tribuerim
362 2892 449 2958 idque
480 2892 592 2960 maenis
634 2891 749 2944 uirtute
769 2892 799 2942 et
819 2889 965 2954 patientie
990 2890 1160 2941 nitebantur

82 2961 135 3013 etos
147 2960 260 3012 ordinis
273 2974 346 3028 erpo
358 2975 402 3012 me
414 2963 528 3014 meritis
544 2964 594 3029 fu-
635 2964 723 3026 atque
735 2961 963 3011 emninvnlneru
969 2960 1158 3020 sustinebunt.

82 3043 139 3082 cere
164 3031 325 3095 debuerim,
356 3034 418 3081 turn
437 3033 469 3082 in
489 3032 594 3096 ,trinnis
687 3029 714 3088 S·
735 3031 761 3080 5.
795 3031 845 3080 ubi
864 3029 1067 3090 constitissent]
1097 3029 1160 3080 scil.

82 3102 196 3152 munem
208 3115 270 3152 esse
283 3099 350 3150 ionic
362 3100 534 3162 Bithynicae
545 3115 594 3151 se-
635 3099 767 3165 Helvetii,
785 3099 832 3162 qni
845 3100 931 3148 adhuc
945 3099 973 3148 in
987 3099 1082 3149 itinere
1095 3099 1159 3148 tue·

82 3171 181 3222 delati.
222 3171 281 3219 Nee
307 3171 387 3220 aliter
411 3171 594 3231 interpretan—
635 3171 716 3234 rant,
740 3176 804 3217 tune
825 3179 892 3220 vere
912 3169 1001 3218 locum
1019 3173 1159 3234 ceperant,

81 3241 135 3290 dnm
148 3240 257 3290 videtur
270 3238 374 3288 initium
389 3239 521 3301 epistolae
534 3241 591 3304 7,1
636 3250 715 3301 quem
744 3249 799 3286 nen
825 3235 884 3287 sine
910 3237 1013 3301 proelio
1034 3235 1160 3288 relicturi

80 3309 108 3359 Si
124 3312 153 3359 te
171 3309 257 3359 detor
275 3307 367 3373 aliqui
382 3308 517 3372 corrueris
538 3309 593 3358 unt
635 3311 744 3370 essent3
770 3303 849 3356 cuius
862 3305 960 3367 proelii
972 3314 1098 3358 eventum
1111 3317 1160 3356 se-

79 3375 228 3442 infirmitus
257 3376 432 3428 ualetudinis
456 3380 523 3427 tnue
546 3380 593 3428 te·
635 3375 745 3439 quentia
762 3377 914 3426 ostendunt.

79 3446 151 3510 nuit,
174 3459 230 3512 quo
250 3447 346 3496 minus
363 3447 403 3496 od
416 3446 498 3496 tudes
511 3447 595 3497 reni·
687 3452 735 3493 aut
745 3445 898 3495 memoriam
910 3440 1048 3505 proderet]
1065 3442 1160 3507 adpo·

80 3525 131 3577 res,
139 3515 493 3583 fortunuemupistritnm
508 3527 594 3581 quom
635 3520 726 3562 steros
737 3520 916 3576 propaginem
933 3513 1002 3575 quod
1016 3525 1076 3564 eum
1088 3526 1160 3575 pan·

79 3585 231 3648 supientiae
251 3587 329 3636 tnnc.
369 3599 422 3648 quo
445 3586 506 3637 loco
533 3587 593 3635 tere
634 3582 663 3632 le
676 3583 765 3632 minus
778 3581 825 3648 sit,
837 3593 917 3644 qnam
928 3593 1030 3630 nemen
1043 3592 1159 3648 capere,

78 3651 143 3705 idem
162 3656 222 3720 est,
249 3655 321 3717 qued
339 3653 478 3705 bonorem
495 3653 593 3706 tabee.
636 3659 727 3701 tamen
739 3653 890 3702 cavendum
901 3647 1017 3700 Caesari
1031 3662 1094 3700 esse
1107 3651 1158 3702 Di-

79 3721 220 3775 Gtednot.
233 3725 304 3789 ede.
320 3722 367 3789 18,
384 3726 410 3772 3.
635 3719 700 3788 vico
717 3728 820 3770 censet.
854 3718 994 3778 hemplis
1014 3718 1049 3770 eb
1070 3717 1159 3772 inter·

122 3787 352 3853 ita-didicisse]
383 3792 460 3841 liaeo
480 3802 594 3844 censum
634 3789 757 3852 precibus
772 3788 882 3840 collutis
894 3787 957 3838 eddi
969 3796 1060 3851 petest
1076 3788 1160 3841 deei-

78 3860 262 3914 edmouitionis
288 3861 479 3924 praecedentis
505 3862 594 3910 conti·
636 3857 657 3908 ti
670 3859 762 3922 Agris.
779 3862 810 3910 1:
836 3858 875 3909 ad
892 3856 1074 3922 prodendam
1091 3858 1159 3911 eir·

78 3928 138 3983 nent
151 3940 179 3982 et
192 3939 337 3993 propterea
349 3944 402 3981 non
415 3928 532 3979 maxime
549 3929 593 3978 in·
635 3928 709 3980 tutis
720 3929 895 3980 memoriam.

78 3994 282 4063 terpunctione,
293 4002 343 4051 sed
357 4000 417 4049 colo
430 4009 448 4048 e
462 3997 593 4062 proximis
687 3995 754 4061 Gap.
768 3995 812 4048 14.
835 3997 863 4057 S.
876 3999 901 4048 1.
935 3990 1001 4056 His]
1027 3993 1158 4048 neutuna

79 4067 158 4119 dividi
184 4070 293 4119 debent.
336 4066 470 4120 didicime
500 4076 593 4118 entem
634 4068 743 4130 generis
753 4066 944 4130 comninetur,
962 4064 1157 4135 prendisse,

79 4135 593 4207 erdensignificationcprccottnmcst,
633 4138 855 4201 quemedmodum
868 4134 974 4187 caesor
992 4132 1060 4186 olibi
1078 4134 1156 4206 dicit,
