2572 4688
119 248 191 323 ste
311 228 317 239 '
384 218 666 317 rot-auum
694 239 954 317 deauco

118 429 397 507 committentium
419 432 585 521 ptoeiiruu
607 432 754 504 aliem
768 452 851 505 esse
864 438 1001 525 tempus
1021 431 1209 505 arbitratus

119 546 182 593 sup
193 544 235 591 ss
250 524 325 589 ioco
337 523 504 587 continuit
517 529 553 587 et
565 520 660 587 hrosi
672 528 826 611 tempore
836 522 1035 591 intermisso
1047 524 1083 589 iu
1098 532 1208 593 castre

77 626 99 689 3
119 612 272 697 legiones
286 607 434 677 reduxit.
480 606 586 675 -Duru
603 608 685 675 irasc
699 612 883 695 geruntur,
907 610 1038 679 uostris
1053 612 1209 683 omnihus

75 710 100 773 t
121 697 297 789 occupatis
317 699 376 785 qui
395 696 546 763 ercutio
566 696 658 781 agris
670 696 1083 785 reliqui‚.disceeseruut.
1148 700 1209 767 se

86 784 90 797 '
119 796 218 889 cirtae
239 789 321 852 suot
342 784 520 851 continuos
540 785 732 877 complures
754 782 828 852 dias
849 788 1095 875 tempestatas,
1122 808 1209 877 quae

153 962 330 1031 suprascr
350 959 417 1027 Μ.
440 956 618 1027 5,1rs.t.
642 962 676 1026 l,
695 959 712 1013 5
728 956 756 1022 8.
770 958 797 1013 5.
819 962 856 1029 7,
872 959 907 1013 59
920 960 948 1025 8.
961 960 989 1015 l.
1007 962 1109 1029 quibus
1121 962 1208 1017 omui·

119 1034 123 1041 '
152 1036 205 1087 lus
219 1034 289 1085 iocis
301 1032 446 1083 lacessere
458 1042 519 1080 cum
533 1030 695 1083 accusativo
709 1040 842 1093 personae
862 1030 975 1089 [hostes
989 1044 1014 1083 c.
1029 1036 1063 1084 ιι
1077 1036 1107 1084 et
1117 1034 1147 1100 7,
1159 1034 1206 1093 99)

148 1106 185 1155 'o't
197 1100 320 1155 ablativo
341 1100 389 1151 rei·
404 1099 549 1165 (proelio,
567 1099 654 1159 lello)
672 1096 844 1151 coniunctum
865 1104 917 1152 est.
954 1102 1053 1165 ltaque
1073 1102 1099 1153 si
1120 1104 1205 1154 solun

153 1171 312 1241 gertrudium
332 1168 400 1221 terri
421 1182 474 1218 non
496 1172 606 1234 posset,
624 1170 746 1233 equidem
767 1181 828 1219 curo
844 1170 914 1220 Aido
928 1168 1041 1223 bostem
1054 1173 1203 1224 addendum

64 1270 67 1277 ·
118 1246 124 1311 ζ
153 1244 183 1295 'et
203 1242 319 1305 ad'eos,
344 1238 487 1303 quintode
507 1236 664 1293 constitisse
685 1238 752 1289 dicti
772 1245 852 1301 suut,
875 1241 1050 1291 referendum
1072 1249 1202 1303 putarem.

121 1316 124 1325 '
150 1318 197 1371 iic,
217 1313 306 1375 potest
326 1308 377 1359 ilc
394 1314 542 1373 ¹tptoqtrea
561 1306 684 1359 caesare
703 1306 818 1369 primun
837 1308 982 1373 scriptum,
1005 1309 1103 1360 deiude
1124 1311 1203 1369 nelei

127 1432 133 1451 ⁸
150 1384 214 1451 ipse
234 1378 357 1430 timuisse
378 1378 481 1447 hostem
502 1376 642 1427 videretur
659 1378 751 1437 (certe
762 1372 834 1449 posti
846 1388 880 1428 eo
895 1376 970 1441 ipso,
995 1380 1068 1443 quoti
1081 1378 1203 1429 uomina·

117 1454 122 1461 “
151 1454 215 1514 tur,
231 1446 333 1513 aliquid
349 1446 476 1497 momenti
489 1445 631 1505 tribuitur)
646 1445 776 1498 omissum
790 1445 889 1509 putari.
923 1448 978 1499 scd
998 1450 1039 1499 eui
1060 1450 1201 1499 lacessen-

151 1524 238 1587 dum,
263 1518 333 1581 quod
346 1516 454 1569 codices
467 1515 669 1581 commendant,
691 1508 795 1567 nuliam
808 1511 983 1567 prensionem
998 1518 1097 1583 halet,
1118 1518 1201 1581 siper

116 1592 121 1603 '
151 1582 185 1643 a'e
206 1586 322 1651 positum
346 1596 410 1635 esse
430 1586 560 1634 statuitur
579 1584 753 1649 gerundium,
778 1590 807 1635 ut
822 1584 893 1646 quod
904 1584 967 1635 civ.
983 1589 1016 1652 1,
1035 1587 1073 1639 78
1088 1588 1200 1651 iegitur:

114 1666 121 1711 ι
137 1670 278 1727 ¹quorum
290 1656 379 1707 erant
391 1654 421 1705 et
433 1654 592 1723 promotes·
604 1653 644 1703 ad
653 1654 819 1717 peraridum
832 1652 955 1721 reiquae
968 1656 999 1707 el
1011 1668 1142 1721 consero
1157 1656 1198 1706 to-

149 1730 234 1783 rricia
251 1726 290 1779 ad
311 1735 402 1775 onero
414 1724 579 1787 portanda,
602 1723 630 1771 et
643 1722 678 1791 iit.¹
694 1736 719 1773 c.
733 1722 767 1775 tt
785 1724 931 1776 conivere
944 1737 1038 1791 oeque
1050 1726 1089 1775 od
1101 1728 1199 1789 eopio-

149 1800 277 1863 rondum
294 1794 429 1847 idoneum
446 1794 541 1845 locum
558 1792 668 1845 eastris
687 1802 785 1979 ποῖ
800 1792 840 1845 ad
855 1794 1110 1861 propellendum
1131 1796 1198 1847 dcte
1228 1810 1231 1815 ·

146 1868 517 1991 s'agttaa‘duc'ommitlendum]
551 1926 757 1991 Praepositionc
791 1962 801 1996 ,
832 1942 912 1995 quom
936 1938 1133 1999 praeteritos,
1157 1930 1198 1999 qui

115 1990 130 2061 ',
148 2008 260 2067 pestem
272 2006 333 2069 post
346 2000 543 2053 recessendum
555 1999 673 2051 muttum
688 2000 787 2049 petent
806 2000 904 2057 (vind.
920 1998 952 2051 a.
968 2002 1083 2052 ΗΜ.
1098 2003 1161 2052 ord.
1172 2010 1198 2052 ee

113 2078 129 2131 ῗζ
149 2080 208 2143 sqq.
228 2085 314 2137 usque
332 2072 365 2120 od
386 2072 470 2127 liud.)
485 2070 569 2121 ctiam
584 2070 617 2119 N.
632 2068 680 2117 iir.
693 2070 749 2119 Aii-
763 2066 845 2119 vtnd.
861 2070 893 2121 D.
908 2072 981 2121 tiled.
995 2082 1023 2121 a.
1036 2070 1109 2120 Vcn.
1125 2072 1198 2121 pede.

112 2146 128 2161 ⁸·
146 2146 291 2209 oprittuut,
309 2140 427 2199 scriptor
440 2150 492 2188 nou
511 2138 599 2188 solum
615 2138 808 2187 cousuetudine
822 2140 937 2201 quadam
951 2149 1020 2195 stra,
1039 2152 1120 2203 quam
1132 2140 1196 2190 0ud.

147 2218 296 2274 causatur,
321 2211 370 2257 sed
391 2207 478 2271 magis
501 2218 533 2257 eo
548 2206 663 2256 consilio
677 2210 786 2257 videtur
801 2207 934 2273 iterasse,
953 2222 988 2259 ue
1001 2210 1196 2261 lacescendum

114 2282 132 2345 '¹
146 2286 183 2345 'ud
194 2280 338 2347 proelium
350 2276 389 2341 ita
402 2282 432 2325 ut
445 2275 681 2341 columitiemlum
700 2276 858 2327 referretur.
893 2279 969 2339 Quod
985 2277 1010 2327 si
1023 2277 1136 2331 itcstem
1148 2281 1196 2329 ad·
1231 2296 1235 2309 ¹

112 2348 117 2355 '
131 2410 134 2415 ,
146 2352 263 2415 deudom
278 2349 328 2409 vci·
337 2344 542 2407 relinquendum
557 2354 695 2407 putasset,
712 2345 752 2395 cd
767 2346 891 2396 omittere
904 2359 957 2396 nou
970 2346 1060 2399 minus
1074 2350 1102 2397 ir.
1115 2350 1135 2399 l.
1148 2360 1194 2411 po-

160 2422 262 2483 uissct,
280 2406 440 2485 quaq'crv.
460 2416 493 2479 9,
513 2418 545 2464 to
564 2428 630 2465 cepe
642 2412 752 2479 leptortl
764 2426 823 2465 terro
834 2416 988 2482 profectos
1002 2416 1043 2466 ad
1053 2416 1193 2483 recipieri-

117 2544 132 2559 ,,
146 2430 199 2547 sus
213 2486 377 2555 tdtcrlorls·
390 2482 527 2551 ciuitates
547 2486 577 2537 et
590 2496 653 2535 rem
668 2482 899 2551 frumentariam
911 2487 1130 2551 sepeliendam.

136 2570 150 2625 ᾗ
180 2558 302 2619 reduxit]
337 2554 380 2625 (ii.
393 2554 454 2621 edn,
468 2564 509 2604 cr.
528 2554 561 2604 ad
581 2558 615 2621 9,
633 2557 668 2603 29
690 2552 716 2613 s.
735 2556 762 2605 2.

112 2622 121 2631 '
179 2630 207 2691 s.
221 2626 248 2680 l.
262 2636 266 2643 ·
282 2624 435 2689 complures
449 2612 523 2681 dies]
546 2624 665 2689 „Vulgo
679 2622 739 2673 illes
758 2620 919 2685 complures
933 2622 1032 2673 contra
1044 2622 1124 2673 MSS.
1136 2624 1192 2685 pie·

144 2710 260 2765 rosque,
278 2696 344 2746 ildd.
359 2694 435 2742 vett.
449 2700 482 2743 oc
497 2692 719 2755 perspicuitatem
740 2690 878 2741 Caesaris.
887 2688 907 2720 ‘⁴
942 2691 1072 2741 Ordinem
1094 2694 1193 2743 verbo-

114 2768 213 2833 ''r'urn'
226 2769 259 2819 ab
280 2758 522 2831 Oud32restituturrl
542 2761 646 2825 primus
666 2768 822 2811 mutaverat
839 2760 964 2825 Scaliger
982 2772 1062 2812 soum
1076 2762 1194 2813 tortasse

112 2842 127 2901 '.
145 2836 265 2905 qoqlicem
285 2836 415 2897 secuturas
442 2830 529 2895 Certo¹
544 2830 626 2880 vind.
646 2832 696 2897 A.·,
719 2830 764 2895 qui
783 2830 904 2881 ciusdem
925 2830 1034 2893 generis
1055 2835 1100 2881 est
1114 2834 1193 2895 atquc

111 2906 190 2979 ’'il.‚
207 2908 270 2959 item
285 2904 313 2957 ti.
326 2914 351 2955 c.
365 2899 489 2963 exhibet}
513 2898 559 2950 cui
578 2910 628 2967 ego
643 2902 825 2979 aiterumnou
838 2902 893 2951 tam
909 2899 1116 2963 perspicuitatis
1127 2914 1193 2953 cau-

160 3078 187 3141 s.
203 3083 230 3130 li.
256 3076 360 3129 nostris
373 3073 496 3127 omnious
510 3084 631 3136 occupe-
672 3072 701 3134 s.
722 3074 738 3123 1
762 3070 943 3137 significatum
964 3080 1023 3141 est,
1062 3070 1092 3123 iu
1117 3072 1195 3137 agris

99 3148 161 3211 tis]
196 3154 227 3199 ut
246 3148 386 3197 discessus
408 3146 517 3195 iliorum
539 3156 628 3206 neque
671 3146 808 3205 tamquam
828 3142 917 3205 pacati
931 3141 1070 3193 etarnici:
1093 3141 1150 3193 iam
1166 3143 1193 3193 hi

108 3217 288 3271 mimadsorti
301 3229 388 3281 neque
396 3212 519 3276 impediri
526 3221 629 3276 posset.
672 3224 777 3274 quoque
792 3212 856 3261 ostii
872 3211 986 3274 paraudi
1001 3222 1089 3262 causa
1102 3214 1194 3263 disee-

107 3292 198 3341 Autea
216 3290 286 3343 epiro
305 3287 410 3337 Caesar
433 3296 498 3347 eos,
528 3282 574 3346 qui
599 3280 629 3333 in
670 3284 745 3331 dunt.
787 3280 1034 3343 iuterpunceiouem
1061 3282 1193 3345 ampelo

108 3360 185 3423 agria
211 3357 414 3419 respirarent,
451 3351 628 3411 horridulus
670 3352 732 3412 post
747 3350 829 3415 apris·
842 3349 1193 3412 iactamiureqeeaciar-
1220 3350 1224 3359 '

106 3428 251 3481 observari
271 3435 299 3477 et
318 3425 381 3489 quid
400 3424 513 3487 agerent
531 3433 628 3485 quaru-
669 3419 717 3469 irio
730 3420 866 3470 cruciatam
879 3419 949 3470 0ud.
964 3428 992 3467 et
1006 3418 1079 3469 iuter
1092 3432 1192 3470 reccu-

105 3502 160 3565 qeo
180 3498 330 3559 inpetrem
349 3494 551 3555 semoverunt,
576 3502 627 3539 co-
668 3489 753 3539 tiores
770 3488 930 3553 hippertus,
954 3486 1000 3537 cui
1017 3487 1101 3539 etiam
1118 3488 1191 3539 reli-

105 3566 202 3633 gnosci
215 3566 334 3616 iusserat
339 3578 350 3627 ;
374 3570 428 3611 tum
443 3573 509 3611 raro
523 3558 627 3621 proelio
669 3557 719 3624 qui
732 3556 830 3617 opponi
841 3556 952 3607 postris
965 3555 1022 3605 visi
1040 3560 1121 3624 sunt,
1145 3571 1191 3611 re-

105 3640 179 3690 eleo
192 3650 245 3687 non
256 3632 454 3685 secundissimo
463 3630 549 3689 iacto,
564 3641 626 3678 cum
668 3626 824 3677 stituerunt.
858 3625 1075 3689 cr.1‚1as.2
1098 3639 1191 3692 quar-

104 3718 202 3759 omteeu
220 3705 249 3756 iu
273 3703 431 3767 pugnaudo,
457 3699 560 3749 auxilio
579 3699 625 3748 ie·
667 3699 729 3748 lom
753 3707 827 3746 vero
845 3696 963 3757 partem
982 3693 1063 3747 citra
1083 3697 1191 3760 fluertem

103 3779 205 3838 reudo,
235 3774 387 3837 redeundo,
419 3771 447 3820 io
469 3770 625 3820 castrorum
666 3765 788 3818 Ararim
800 3765 946 3828 reliquom
958 3777 1037 3830 esse,
1061 3774 1090 3813 et
1102 3776 1190 3830 supra

103 3843 261 3899 detonsione
276 3854 309 3892 ac
324 3838 486 3904 munitione,
507 3837 536 3887 iu
555 3848 624 3887 sau·
666 3850 693 3887 o.
708 3836 745 3885 2⁰
761 3834 788 3895 S·
804 3835 820 3884 1
842 3834 952 3901 scipso
962 3835 1053 3898 parte
1064 3836 1190 3888 aestatis

103 3914 208 3967 ciorum
228 3925 295 3963 cura
309 3909 434 3972 occupati
446 3915 554 3970 essent,
577 3905 624 3956 iu-
666 3906 793 3968 reliqua.

102 3986 252 4039 termittere
265 3982 333 4032 iliud
346 3987 457 4032 coactus
472 3978 524 4026 cst.
719 3972 785 4033 §.l
818 3972 934 4022 walae
950 3973 1029 4032 sant]
1057 3971 1103 4025 cf.
1124 3974 1186 4026 adu.

155 4053 200 4118 qui
214 4054 293 4103 eraut
307 4051 335 4101 iu
347 4048 423 4112 agris
438 4046 545 4110 reliqui,
564 4041 623 4093 dis-
667 4044 705 4094 ad
720 4046 754 4109 2,
778 4042 813 4090 22
836 4040 864 4101 s.
879 4045 911 4106 2,
934 4048 963 4089 et
983 4042 1018 4091 ad
1040 4040 1186 4096 dictionem

102 4125 260 4186 cesserunt]
278 4122 494 4185 lleuauseraut,
510 4123 542 4167 ut
555 4116 623 4169 cll
666 4110 824 4167 umversam
834 4112 868 4178 l,
882 4112 918 4163 29
932 4108 960 4170 s.
974 4112 1002 4166 a.
