2572 4688
287 316 289 321 .
384 250 817 329 mantuanae
984 354 988 359 ¹
1076 261 1145 335 eea

57 444 175 519 meatu
194 438 379 519 intercluso
399 443 472 510 sine
487 443 559 511 ullo
573 444 711 513 vulnere
726 443 867 512 victoria
880 441 1002 535 potiri,
1060 451 1097 514 et
1110 447 1143 516 si
1162 465 1184 526 s

56 535 202 618 proptor
226 528 374 618 inopiam
394 531 447 597 rei
471 530 710 599 frumentariae
728 531 873 601 Romani
892 554 967 599 sese
990 530 1142 622 recipere
1272 543 1274 552 '

57 617 269 705 coepissent,
295 617 477 707 impeditos
496 619 531 685 in
551 620 682 706 agmine
695 628 731 685 ot
744 620 807 687 sub
821 621 964 686 sarcinis
980 620 1142 690 infirmio-

57 724 98 769 re
120 704 230 770 animo
251 702 377 775 adoriri
397 707 604 792 cogitabant.
665 706 746 795 ,Hoc
768 708 909 775 consilio
934 706 1078 797 probato
1097 710 1140 776 ab
1161 716 1184 781 4

58 788 203 859 (lucibus
225 793 401 877 productis
421 793 650 861 Romanorum
669 794 778 882 copiis
801 817 877 861 sese
897 795 1021 861 castris
1049 806 1143 864 tenc-

59 877 154 952 bant.
218 879 294 948 Hac
313 902 350 948 re
368 890 546 973 perspecta
562 881 728 966 Crassus,
755 904 831 950 cum
848 905 911 951 sua
929 884 1140 952 cunctatione
1162 888 1184 956 6

97 1051 99 1058 '
128 1054 192 1108 siue
214 1056 271 1110 ullo
293 1057 423 1117 valuere]
452 1057 513 1109 etilo
535 1070 588 1110 om.
609 1057 687 1109 Leid.
711 1060 746 1113 A.
768 1059 821 1112 01'.
837 1061 922 1113 voss.
942 1060 973 1110 Β.
998 1056 1083 1112 vina
1103 1062 1141 1113 A.
1188 1088 1193 1104 ·

94 1123 178 1177 ticin.
199 1129 235 1179 A.
261 1127 324 1180 une
344 1129 467 1181 oulmre
491 1127 596 1179 caesar
618 1126 729 1194 ciui,
745 1130 783 1182 92
806 1126 892 1198 821,
910 1132 944 1193 2,
960 1125 995 1181 ³5
1013 1127 1085 1204 Sat,
1105 1129 1142 1180 86

96 1193 157 1255 ς.4
178 1194 263 1262 dixit,
293 1196 373 1260 inque
396 1198 421 1246 b.
443 1197 463 1248 l.
488 1195 652 1247 sufficiebat.
686 1198 740 1247 sei
755 1199 818 1250 sirie
833 1200 893 1249 ulto
909 1197 1048 1263 vulnere,
1070 1199 1142 1262 quud

96 1263 159 1314 civ.
172 1266 206 1331 2,
222 1266 240 1315 Β
259 1264 286 1326 S.
299 1265 333 1330 8,
354 1266 437 1332 3,71
456 1264 483 1325 8.
497 1267 514 1315 2
530 1272 559 1317 et
572 1267 642 1328 apud
656 1266 773 1319 Hirtium
788 1270 816 1333 Β,
833 1269 869 1319 37
886 1267 913 1328 S.
928 1268 944 1316 1
962 1274 1068 1332 emat,
1081 1279 1144 1319 me-

94 1331 181 1382 iorem
198 1332 280 1384 etlam
296 1346 372 1397 spem
388 1333 563 1386 barbarorum
580 1335 713 1402 ostendit,
735 1335 851 1401 ideoque
868 1348 886 1386 a
902 1334 959 1386 leni
976 1338 1090 1400 quotam
1102 1335 1143 1387 ir-

95 1400 209 1455 risionis
225 1414 331 1466 genere
343 1404 415 1454 baud
429 1405 519 1453 alieno
537 1402 664 1465 scriptbri
679 1406 887 1467 praeterendum
904 1404 991 1454 videri
1008 1403 1104 1471 potuit.

131 1470 159 1531 s.
173 1473 199 1519 a.
232 1471 395 1532 infirmiore]
418 1473 523 1537 ,‚MSS.
540 1473 621 1536 longe
637 1472 744 1538 plurimi
762 1471 994 1536 vetustissimique
1013 1483 1041 1524 et
1059 1471 1144 1535 pleri-

96 1551 150 1602 que
171 1537 280 1590 Editl.“
304 1542 387 1605 Bong.
411 1544 445 1591 A.
469 1542 518 1592 Dr.
535 1545 569 1593 A.
587 1543 667 1593 Vrat.
685 1544 740 1594 AB.
758 1543 835 1593 Gotb.
855 1545 880 1592 A
897 1555 915 1594 a
930 1555 965 1592 m.
983 1556 1025 1603 pr.
1043 1542 1142 1593 liamb.
1230 1592 1234 1608 ,

96 1607 232 1672 Atticae,
255 1609 303 1661 Gr·
320 1610 365 1661 ab.
380 1611 421 1661 st.
439 1611 519 1664 Turr.
544 1612 638 1675 „VV.
653 1609 707 1662 00.
724 1613 824 1663 babent
839 1612 939 1673 partim
953 1609 1143 1676 infirmiores,

94 1677 197 1740 partim
217 1675 421 1745 infirmioref‘
443 1678 509 1729 Vrs.
531 1678 561 1729 in
586 1680 647 1730 Not.
670 1676 830 1755 infirmiore·
845 1679 926 1730 Viud.
944 1680 974 1727 Β.
997 1680 1145 1747 trafertore

96 1748 158 1799 coti.
175 1748 269 1798 arant.
286 1749 320 1798 N.
337 1750 366 1799 S.
383 1746 432 1798 Cu.
449 1750 521 1798 And.
537 1747 613 1798 netu.
633 1750 669 1798 A.
685 1750 768 1799 Vind.
785 1752 817 1799 it.
836 1749 908 1798 nav.
925 1751 959 1800 A.
978 1752 1021 1814 et,
1045 1757 1075 1798 ut
1092 1762 1159 1812 piu-⁴

97 1823 139 1868 tat
157 1816 242 1882 ona,
267 1815 319 1869 Ox.
351 1817 432 1868 Idem
443 1816 511 1871 Oud.
528 1818 591 1873 edd..
605 1819 735 1880 quasdam
753 1819 780 1867 iti
797 1819 924 1867 exhibere
942 1818 1033 1868 tradit.
1065 1819 1147 1886 inse·

96 1885 177 1936 riori
194 1885 275 1936 Vintl.
297 1888 332 1936 A.
361 1883 579 1950 infirrniereque
602 1888 687 1951 („vel
702 1883 960 1953 infirmioriquffl)
981 1888 1052 1951 ch·
1067 1888 1145 1937 Leid-

96 1956 130 2007 Β.
156 1954 230 2006 bul.
252 1955 337 2005 Dore.
358 1956 442 2019 Bong.
465 1954 495 2005 0.
519 1956 568 2007 Dr.
593 1958 624 2005 Β.
641 1955 721 2009 Vrat.
737 1956 770 2007 c.
788 1957 867 2007 (loth.
884 1956 906 2004 Β
924 1957 952 2005 et
969 1968 996 2007 a.
1012 1971 1047 2008 m·
1065 1969 1089 2005 s.
1107 1958 1144 2006 A.
1247 1998 1251 2009 ,

96 2022 180 2076 Vini.
198 2022 231 2075 G.
248 2024 334 2075 Vasc.
361 2021 574 2089 infirau'orique
590 2025 671 2076 vind.
688 2025 720 2075 Β.
738 2027 800 2076 edd.
817 2033 881 2077 unte
898 2025 960 2075 Ald.
982 2025 1145 2089 infertore-

97 2106 154 2160 que
178 2092 261 2143 Vini.
285 2093 309 2145 Ι.
340 2091 557 2159 inferioresque
578 2093 658 2145 Gerr.
681 2095 740 2144 cod.
764 2096 868 2145 'larris-
886 2093 961 2156 Lips.
984 2095 1145 2161 infertores

96 2163 171 2214 scal.
189 2169 217 2210 et
235 2174 293 2224 sqq.
319 2162 351 2213 ln
367 2164 395 2212 in
412 2164 487 2214 nullo
504 2162 596 2218 conice
613 2172 749 2225 repertum
766 2164 804 2231 ii,
825 2161 1079 2232 quipcoucinnitatis
1097 2164 1145 2213 vel

96 2229 303 2297 perspicuitatis
318 2242 404 2281 causa
421 2232 610 2293 accusativum
623 2231 830 2301 desiterabant,
848 2234 946 2300 saltem
960 2231 989 2283 in
1002 2231 1148 2299 infirmio-

96 2313 165 2364 res,
187 2302 257 2364 quoti
272 2299 302 2350 iu
319 2302 397 2362 parte
414 2299 511 2353 tamcn'
521 2301 643 2357 cubicum
659 2302 756 2354 Vrsini
770 2315 835 2352 esse
848 2303 1019 2367 perhibetur,
1040 2304 1146 2354 mutare

97 2368 247 2433 debebant,
283 2370 445 2442 praesertim
467 2364 530 2443 cum
552 2362 714 2446 interiacet
737 2369 783 2435 qui
805 2369 948 2436 (licuntur,
977 2366 1030 2421 non
1052 2384 1070 2423 a
1093 2384 1146 2423 sua

96 2439 220 2504 ipsorum
236 2435 310 2488 virtu
361 2439 515 2514 desciuisse
533 2450 567 2489 ac
584 2440 739 2502 semetipsis
755 2439 904 2502 deteriores
913 2439 1007 2508 tami,
1032 2442 1080 2489 sed
1104 2449 1149 2491 ta-

98 2510 142 2561 les
167 2518 230 2558 esse
252 2506 296 2571 sig
325 2507 468 2575 ficentur,
487 2506 532 2570 qui
554 2501 791 2569 comparast’tum
814 2498 877 2559 aliis
895 2514 1044 2574 tranlucent,
1068 2509 1148 2573 ilique

98 2579 135 2631 ab
153 2578 178 2627 b.
195 2574 349 2628 bullenum
368 2576 413 2625 sit.
447 2568 594 2626 Sednulla
611 2578 775 2638 causaest,
800 2589 850 2626 cur
873 2576 1022 2627 ablativum
1045 2571 1149 2638 im'prcss

97 2648 205 2699 benus.
234 2643 371 2709 lanpeda'te'
393 2646 423 2697 et
446 2643 609 2709 infirmiore
632 2647 727 2696 uniruo
750 2645 999 2709 strenationem,
1022 2653 1052 2693 ut
1068 2647 1096 2711 7,
1113 2644 1150 2696 39

97 2728 210 2771 musmo
232 2715 295 2766 loeo
311 2715 399 2765 nctus
416 2714 584 2766 adsuescent
601 2715 630 2764 et
646 2727 772 2766 summae
789 2703 866 2765 dorii
881 2715 1028 2778 potentiae
1046 2720 1074 2762 et
1092 2712 1150 2765 aliti

97 2784 291 2839 dundemanebi
319 2784 468 2847 genitivum
495 2783 629 2835 babentia.
669 2785 712 2834 Ac
736 2794 848 2845 prorsus
873 2791 966 2834 nostro
981 2782 1082 2840 ,simile
1107 2778 1150 2833 bet

97 2855 168 2909 illud
192 2842 305 2905 Atrsttss
327 2849 468 2905 Labienus
492 2847 613 2904 interim
634 2853 696 2907 cute
713 2851 853 2917 equitibus
869 2851 983 2904 anubin
1000 2853 1150 2917 equestria

96 2922 269 2978 submittere
290 2923 452 2988 caudisque
474 2935 509 2972 ae
533 2922 705 2989 defuttqntie
726 2921 856 2988 inteprm
883 2920 1150 2989 recentioribusque

97 2993 211 3047 otricus
229 2991 340 3056 equites
356 2992 589 3044 subministrare.
612 2991 677 3043 item
689 2991 757 3042 illusi
771 2993 849 3053 liisp.
864 2995 898 3042 39
914 2991 1065 3055 Pompeius
1079 3005 1150 3042 scu·

98 3065 163 3117 ciue
176 3063 206 3112 et
220 3060 334 3112 intorto
348 3064 417 3113 tcto.
452 3062 510 3111 Nec
526 3061 638 3113 multum
655 3061 745 3112 differt
761 3064 812 3111 hoc
829 3059 860 3126 5,
880 3061 913 3108 16
930 3060 1080 3111 accedebat
1094 3061 1150 3112 buc
1226 3114 1229 3125 .

98 3135 136 3185 ut
156 3142 306 3196 nunqnam
329 3129 476 3197 conferti,
499 3131 551 3181 sed
569 3129 638 3181 rnre·
656 3129 822 3197 munitque
838 3129 1004 3180 interuallis
1020 3131 1151 3193 proelia-

98 3202 219 3257 rentur.
254 3198 370 3250 Prcbato
388 3208 479 3265 autem
495 3200 635 3264 ablativo,
661 3199 685 3250 sl
703 3207 798 3250 verum
815 3200 944 3263 estquod
961 3210 1045 3261 supra
1062 3200 1095 3249 de
1110 3199 1150 3249 si-

98 3267 276 3393 tguilllcattione
292 3269 407 3353 algerius
426 3267 560 3341 Mnus,
584 3269 693 3322 dubium
710 3282 773 3321 esse
788 3267 897 3334 aequit,
919 3271 981 3319 uter
999 3267 1054 3319 utri
1070 3276 1151 3337 arate-

111 3351 159 3392 cre
198 3351 231 3389 us
246 3344 293 3389 sit.
606 3344 608 3348 ·
826 3378 827 3383 ,
1114 3348 1117 3353 ·

134 3406 163 3469 1.
176 3405 204 3459 t.
237 3403 423 3466 cunctatione]
447 3405 541 3460 tonet.
564 3406 612 3458 Dr.
637 3405 672 3457 A.
704 3408 780 3462 cont.
803 3403 961 3459 Pal-'vinu
979 3405 1012 3454 D.
1028 3405 1106 3471 Rom.
1125 3394 1152 3467 η’.

98 3476 192 3529 eontt.
210 3476 307 3527 ilamb.
330 3470 478 3526 eunctntib
495 3475 566 3526 Dok.
579 3474 662 3527 vind.
681 3475 705 3528 1.
724 3476 765 3527 cl.
784 3485 811 3526 et
828 3473 924 3540 „iiber
940 3471 1067 3525 Faeml“
1085 3474 1152 3526 Vre.

98 3546 130 3599 in
144 3545 212 3607 ,not
227 3556 324 3611 „unus
340 3545 411 3596 liber
428 3542 547 3608 scriptus
564 3553 661 3610 postea
676 3544 852 3602 mutatumfflin
866 3543 1051 3596 cunctatione
1064 3545 1154 3613 atque

99 3613 234 3682 opinione
241 3610 261 3644 ‘⁴
276 3612 312 3666 ic
329 3611 360 3666 in
376 3614 488 3666 liment.
868 3612 871 3617 '

55 3768 61 3801 '·
121 3769 149 3833 8.
162 3772 190 3822 Β.
217 3770 274 3823 sub
287 3766 425 3829 sarcinis]¹
437 3757 509 3820 Vide
520 3780 590 3832 quae
633 3765 783 3819 timidiores
796 3766 887 3819 tactos
902 3765 958 3819 dici
973 3769 1073 3833 putes..
1095 3771 1152 3822 Ne-

67 3838 282 3907 eta‚1ts.a
300 3841 513 3890 annotatesunt.
632 3850 683 3900 que
713 3837 783 3901 quud
814 3832 1011 3889 cunctationem
1034 3834 1077 3887 illi
1101 3850 1176 3907 sua<

119 3909 151 3970 S.
171 3909 197 3961 b.
239 3920 291 3958 sua
312 3907 484 3958 cunctatione
508 3914 595 3970 atque.
633 3909 730 3968 sponte
743 3915 770 3956 et
784 3906 876 3956 moniti
890 3906 1015 3970 doctique
1027 3907 1062 3956 ab
1075 3906 1154 3957 unci-

68 3977 196 4042 opinicue
218 3975 383 4038 timidiores]
426 3975 480 4026 llic
507 3977 591 4038 primo
633 3975 881 4041 bussusceparunt,
894 3977 994 4041 obstat,
1007 3976 1156 4038 quominus

69 4049 204 4111 adspectu
234 4049 327 4098 hostes
358 4046 463 4096 duabus
497 4047 592 4111 rebus,
634 4056 715 4097 carc
728 4045 900 4097 alacritatem
919 4058 1009 4098 corum
1024 4045 1154 4095 minutam
1231 4094 1233 4098 .

70 4116 243 4175 cunctane
256 4127 308 4168 sue
317 4115 346 4168 et
357 4114 449 4180 meua
458 4113 593 4178 cubicae,
635 4111 724 4169 inisse
737 4126 838 4183 sumas.
853 4168 858 4178 ,
872 4116 944 4179 biam
956 4115 1001 4169 ert
1016 4114 1155 4182 cumdum
