2572 4688
150 296 222 365 222
362 326 366 335 ·
420 289 494 360 DE
520 284 702 359 BELLO
730 290 981 363 (launico

151 488 230 567 lus,
254 480 359 575 primi
382 480 444 572 pili
462 480 632 561 centurio,
660 502 759 571 quarn
773 479 922 551 Nervico
937 481 1069 573 proelio
1088 483 1243 575 complu·

154 574 251 641 ribus
272 571 458 637 coniectum
472 568 666 635 vulneribus
682 571 845 651 diximus,
866 572 995 637 etitem
1010 570 1119 638 Gaius
1133 571 1241 640 Volu·

155 680 275 741 senus,
296 657 454 725 tribunus
467 658 633 739 militum,
650 659 704 724 vir
715 667 751 725 et
765 657 899 725 consilii
913 662 1026 745 magni
1039 666 1077 725 et
1089 660 1241 743 virtutis,

154 747 198 816 ad
221 747 364 817 Galbam
385 740 570 813 adcurr'unt
594 754 695 834 atquc
717 768 817 812 unam
837 768 913 813 esse
929 768 1024 837 spem
1041 747 1168 816 salutis
1182 746 1240 815 ‹lo-

153 842 249 917 cent,
278 835 310 901 si
330 837 505 922 eruptione
519 834 609 899 iacta
623 844 806 901 extremum
821 834 979 900 auxilinm
994 836 1240 924 experirentur.

111 929 132 991 3
153 924 275 1011 ltaque
288 924 479 989 convocatis
495 922 746 988 centurionibus
763 922 920 988 celeriter
933 923 1059 989 milites
1075 924 1238 991 certiores

104 1021 114 1045 *
152 1013 250 1093 iacit,
275 1011 450 1101 paulisper
470 1010 734 1077 intermitterent
756 1011 922 1099 proelium
944 1032 983 1077 ao
1003 1010 1241 1079 tantummode

219 1167 247 1229 S.
267 1172 294 1221 2.
329 1165 408 1231 primi
432 1166 497 1231 pili]
527 1167 608 1222 Vtut.
633 1165 687 1217 BC.
710 1169 807 1219 Hanb.
830 1170 916 1220 Bonn.
940 1169 1018 1220 ileu.
1040 1174 1070 1222 lt.
1088 1172 1163 1223 von.
1180 1168 1235 1221 cte.

42 1260 71 1277 ‹·
124 1240 128 1245 '
160 1240 248 1317 „len
271 1249 324 1288 non
347 1236 490 1303 primipilo·
496 1270 505 1303 ‚
530 1239 748 1299 quenadmodum
771 1238 799 1287 in
818 1239 934 1302 reliquis-
948 1240 1008 1289 cii.
1021 1236 1080 1289 est.
1114 1239 1162 1293 ci.
1176 1240 1235 1293 ain.

59 1292 156 1334 ‘'²'‘
186 1309 246 1363 crit.
264 1311 362 1370 quarta
378 1309 414 1358 au
429 1310 463 1367 2,
480 1304 514 1358 25
531 1306 558 1365 S.
576 1311 600 1358 1.
627 1306 660 1356 ln
678 1307 736 1356 Pal.
758 1305 844 1357 cont.
861 1306 1087 1373 catpra'uctpolt·

87 1432 91 1441 ¹
219 1376 395 1436 vulneribus]
417 1377 495 1427 uolo.
519 1375 603 1440 Bcng
621 1375 651 1425 c.
670 1374 753 1425 cont.
784 1374 829 1429 ci.
846 1381 881 1441 2,
900 1379 935 1428 23
951 1376 981 1436 s.
995 1380 1020 1426 1.

84 1446 88 1453 '
123 1452 130 1463 '
221 1445 321 1504 Gaius]
348 1446 405 1496 Pet.
428 1445 506 1508 ligur.
532 1445 606 1496 Gott.
622 1444 707 1495 Voss.
725 1446 758 1493 Δ.
782 1456 842 1497 sec.
858 1436 943 1497 liab'r.
961 1446 1045 1511 ilung.
1064 1447 1099 1498 Α.
1117 1445 1165 1497 ilr.
1181 1446 1234 1496 Au.

86 1549 89 1557 ι
184 1518 268 1569 Vrat.
285 1514 343 1565 AB.
359 1513 443 1564 Bonn.
461 1512 543 1563 Vinci.
560 1513 628 1563 uui.
645 1513 787 1563 Pei-rareio.
805 1514 877 1564 lint.
891 1514 927 1580 8,
939 1516 966 1565 2.
990 1513 1024 1567 u.
1045 1515 1144 1567 tiarnb.
1157 1514 1235 1567 ectu

183 1587 219 1639 Α.
243 1585 315 1636 Meu.
342 1583 452 1634 aven.
470 1583 496 1631 b.
527 1582 613 1634 Calue
629 1582 712 1634 vinu.
730 1582 762 1632 F.
792 1584 823 1635 G.
840 1585 924 1647 vulgo
942 1590 971 1633 et
986 1584 1073 1648 0uu.,
1098 1584 1147 1648 qni
1162 1585 1235 1635 MSS.

42 1710 43 1715 ἵ
135 1668 140 1675 ·
184 1662 213 1705 et
237 1654 305 1773 Edg'
328 1667 374 1718 pp.
406 1650 495 1702 Gutus
520 1655 567 1704 vel
593 1651 626 1702 u.
649 1650 777 1702 exhibere
802 1656 929 1703 testatur.
964 1650 1111 1723 ci.1‚lc
1129 1652 1236 1716 §.aaut

32 1798 40 1815 ²
120 1812 124 1821 ·
219 1721 278 1853 visu]
303 1788 365 1840 artri
389 1789 416 1838 S.
445 1787 649 1840 consultissimi
673 1789 730 1840 cluo
755 1787 968 1857 fortissimique
986 1787 1050 1841 viri
1068 1791 1148 1843 tetr.
1165 1789 1236 1842 iiiut.

184 1861 219 1927 8,
236 1866 264 1913 2.
291 1860 336 1924 qni
355 1857 380 1908 si
397 1870 447 1909 sua
464 1862 559 1920 sponte
576 1858 684 1908 cerisilii
702 1861 808 1909 leucen
826 1872 886 1909 cunr
904 1859 1006 1910 Baculo
1025 1860 1236 1913 communicarit

185 1928 311 1989 [codices
325 1928 430 1992 quidem
448 1927 611 1979 Petrarcliac
628 1928 733 1978 diversi
750 1940 768 1979 a
786 1929 857 1977 Scal.
872 1929 983 1991 generis
999 1926 1127 1990 fuerunt)
1149 1932 1236 1981 invito

184 1998 308 2049 Caesare
331 1995 413 2060 iecit,
444 1996 489 2057 quai
508 2005 536 2046 oc
553 2001 585 2059 2,
606 1996 640 2047 25
661 1996 728 2047 nihil
746 1997 800 2046 uisi
817 1996 1000 2055 tortitudinem
1017 1997 1079 2047 eius
1096 2000 1236 2061 praesicca

158 2066 161 2073 '
184 2072 213 2117 et
235 2069 262 2115 li.
286 2066 306 2114 i.
330 2065 370 2115 ita
393 2065 479 2114 verba
503 2064 608 2131 pusulo,
638 2066 668 2114 ut
693 2066 827 2128 propriam
845 2068 985 2117 Voluseno
1000 2060 1113 2118 laudern
1130 2068 1236 2121 consilli

105 2174 109 2181 .
147 2182 150 2187 .
183 2135 333 2189 attribuere
353 2132 488 2182 videatur.
669 2170 672 2178 .

111 2204 114 2209 '
159 2196 167 2265 ,¹
219 2204 379 2322 eucarpum]
410 2202 492 2267 Boug.
516 2203 550 2252 A.
567 2201 651 2252 voss.
674 2204 709 2251 A.
735 2202 849 2268 namu,
877 2215 931 2255 non
953 2215 1033 2269 oco,
1062 2206 1137 2270 quot
1155 2204 1236 2259 ettam

154 2272 164 2319 -.'
185 2272 253 2327 ouri.
272 2274 306 2322 iit
324 2278 361 2321 et.

1222 2376 1234 2401 0

148 2428 257 2482 callum
278 2427 309 2479 et
328 2425 360 2478 to
378 2426 481 2477 costra
500 2423 669 2491 irrumpere·
712 2422 773 2491 pic
802 2437 855 2481 nur
879 2421 954 2483 etue
979 2420 1134 2498 butiliano·
1180 2431 1235 2482 iios

149 2502 233 2566 dum,
256 2500 284 2548 ct
305 2509 322 2547 a
342 2496 461 2546 Cacsanc
481 2495 509 2545 in
528 2497 591 2547 adn.
606 2496 668 2547 erit.
712 2508 817 2547 comma
837 2507 984 2547 servantes
1002 2498 1182 2562 intelligimus
1196 2496 1236 2554 bie

148 2570 265 2619 vidimus
280 2565 311 2629 5,
332 2567 365 2617 51
386 2565 449 2614 aliis
462 2567 528 2630 icoc,
552 2566 615 2615 aliia
631 2566 667 2614 il·
711 2561 808 2633 eiupigc
821 2560 964 2634 bostanno
977 2565 1030 2631 fei),
1049 2566 1234 2631 iuqueleniuo

147 2639 195 2689 inu
215 2635 360 2699 cosmati.
403 2635 497 2695 Itaque
516 2635 598 2683 eciam
619 2637 667 2685 lios
711 2644 739 2684 ec
761 2636 821 2683 usui
842 2637 951 2696 linguae
969 2637 1075 2698 pariter
1088 2644 1168 2700 atque
1181 2639 1234 2687 iru-

150 2708 253 2758 vallum
274 2705 426 2754 scindentes
441 2712 469 2752 ec
484 2705 576 2753 iussus
592 2717 667 2754 com-
710 2705 752 2753 ius
766 2703 866 2764 periodi
878 2706 1017 2756 clausulae
1028 2703 1234 2756 convenientius

147 2778 253 2840 pientes
265 2777 357 2826 hostes
371 2771 477 2835 quidem
491 2785 583 2822 omnes
597 2774 667 2822 iuris·
710 2773 907 2821 existimamus.
957 2766 1001 2825 'Cb
1024 2773 1056 2837 5,
1083 2776 1119 2825 29
1145 2788 1234 2827 uuum

148 2860 194 2911 sc,
223 2846 271 2894 scd
293 2842 362 2891 alios
381 2842 455 2891 uliud
476 2842 532 2892 alia
544 2843 573 2891 ln
589 2845 669 2904 parte
711 2852 772 2892 ease
791 2843 822 2891 in
839 2843 992 2894 celeritate
1008 2842 1134 2906 portium
1150 2846 1234 2895 rolu-

148 2916 240 2964 eodem
262 2921 383 2972 ternpore
403 2911 538 2960 iacientes
561 2911 676 2975 signifi·¹
711 2912 777 2960 tem.
813 2910 873 2959 Cir.
889 2915 922 2974 2,
939 2910 974 2961 42
997 2924 1102 2978 aunum,
1128 2912 1235 2963 utmt-

148 2982 206 3035 cari
220 2983 382 3031 statuamus.
709 2980 785 3029 certa
805 2979 836 3029 in
857 2981 959 3047 retur,
991 2992 1071 3046 mem
1086 2982 1234 3048 relicatam

199 3052 235 3103 ad
255 3051 402 3099 extremum
416 3072 448 3084 -
464 3051 571 3109 casum]
604 3048 629 3096 ll.
643 3060 667 3098 e.
709 3046 814 3099 collutis
838 3063 899 3100 esse
924 3049 1091 3103 arbitratur
1115 3074 1151 3089 -·
1176 3048 1216 3106 bie

147 3132 194 3184 co,
212 3127 241 3169 ul
254 3120 322 3182 quod
340 3120 488 3166 extremum
508 3119 536 3166 et
554 3116 667 3181 gravis·
710 3110 755 3180 fir
778 3115 816 3172 bie
837 3115 932 3187 olppipe
954 3117 1017 3187 ituci)
1045 3111 1136 3187 tibrisst
1155 3046 1234 3189 ,9)οέ

147 3193 241 3240 simum
253 3190 377 3237 accidere
389 3186 550 3248 oppugnatis
564 3194 665 3249 puteat,
710 3198 784 3252 nunu
804 3186 917 3251 ballenb-

145 3260 253 3313 iamiam
267 3257 370 3307 instare
383 3255 530 3303 videretur.
681 3286 687 3302 .
760 3256 786 3317 S.
800 3261 825 3306 3.
859 3255 991 3308 certiores
1011 3257 1082 3309 tecit
1096 3256 1232 3309 -inter-

197 3326 222 3389 s.
237 3330 264 3377 2.
298 3326 428 3383 diximus]
453 3326 485 3387 2,
504 3322 539 3373 25
557 3322 582 3382 S.
598 3325 623 3372 1.
708 3324 860 3387 mitterent]
878 3326 931 3376 ilci
944 3325 1040 3391 ipsius,
1054 3328 1087 3376 ue
1100 3330 1231 3391 qua'ear-

196 3398 282 3446 Gaius
296 3394 467 3453 Volusenus]
485 3394 552 3441 ilius
566 3389 665 3442 mentio
708 3396 794 3446 tiores
811 3406 858 3444 cos
877 3394 991 3460 iecerit,
1023 3406 1103 3459 qnam
1125 3408 1186 3447 ren
1202 3395 1231 3447 tn

145 3465 242 3516 ilerum
258 3465 287 3513 ut
302 3461 328 3528 4,
344 3467 388 3527 21,
405 3471 460 3511 lum
473 3464 501 3525 6,
515 3459 548 3511 41
564 3463 600 3525 ct,
618 3461 665 3511 ubi
708 3466 784 3515 iaceo
804 3464 919 3527 positam
933 3470 1003 3513 'esse
1024 3475 1142 3515 necem
1160 3468 1231 3531 erat,

146 3536 300 3595 Quadratus
326 3531 481 3593 cognomine
501 3533 664 3596 appellatur,
709 3531 872 3595 significatio
885 3531 987 3583 omissa
1001 3534 1029 3583 et
1040 3546 1090 3596 pre
1104 3545 1141 3584 ea
1151 3534 1231 3601 reici,

144 3604 180 3668 8,
198 3605 242 3652 23.
276 3602 314 3650 lb.
327 3600 363 3652 ie
378 3611 405 3649 ec
419 3601 480 3650 Civ.
493 3604 519 3667 3,
531 3602 568 3651 60
583 3613 665 3663 prae·
709 3616 761 3666 quo
776 3603 825 3651 illa
840 3602 1025 3667 spectaverit,
1047 3602 1233 3668 significaturi

144 3673 234 3723 tectus
248 3670 364 3733 equilum
378 3670 461 3719 audit.
709 3673 752 3722 eat
766 3672 813 3737 ita,
830 3674 861 3720 ut
873 3674 906 3720 ue
920 3672 969 3724 illo
981 3671 1103 3724 dubitari
1116 3680 1231 3737 nouum

196 3749 224 3789 ec
236 3740 359 3799 virtutis]
377 3747 547 3800 scmagoae.
565 3737 666 3786 Eodem
708 3740 772 3804 quin
783 3740 918 3791 voluntas
929 3740 1093 3809 fcreriteius,
1109 3742 1156 3804 qul
1169 3753 1231 3791 ecr-

145 3811 225 3860 nodo
251 3809 339 3875 accipi
366 3814 455 3870 pocasc
481 3806 548 3855 illud
571 3805 606 3869 4,
630 3808 665 3856 33
707 3811 793 3861 tiores
817 3811 921 3860 iecerit.
962 3810 1059 3874 ltaque
1085 3811 1233 3863 ceritum

145 3891 202 3930 usu
214 3878 380 3943 quotidiano
397 3879 426 3928 ct
443 3875 666 3927 coercitatione.
709 3879 784 3946 {cett
796 3890 848 3929 non
861 3878 932 3928 idem
946 3885 999 3945 est,
1017 3881 1088 3943 quud
1163 3880 1233 3933 erut

197 3960 278 3997 unam
297 3959 359 3997 esse
378 3948 466 4009 apem]
500 3946 575 3994 ilaec
597 3945 665 3994 oud.
708 3955 756 3999 aut
775 3947 934 4014 bortatur,
964 3948 1013 3999 sed
1030 3951 1102 4013 quud
1127 3950 1130 3955 ’
1160 3948 1233 4017 iuno,

145 4014 174 4067 iu
185 4029 241 4067 sec.
253 4016 294 4066 eti.
306 4018 385 4067 colon
399 4026 446 4077 pro
460 4021 591 4065 commate
603 4016 665 4085 pont
708 4018 799 4084 fucit,
819 4010 855 4068 bt
873 4016 1002 4085 scireut,
1021 4017 1128 4069 rolandi
1138 4025 1235 4071 natm

145 4086 250 4137 ament
269 4096 371 4147 ponens
385 4084 424 4135 ita
437 4082 606 4134 intellexisse
619 4083 665 4132 vi·
707 4088 859 4152 obiectum,
875 4088 901 4136 la.
915 4100 931 4136 e
943 4082 1075 4138 'voluntas
1090 4086 1235 4153 tacitntit,

111 4202 113 4215 1
145 4156 239 4223 (tetur,
262 4162 292 4208 ut
312 4153 337 4206 si
356 4152 518 4207 normanica
538 4152 615 4203 uicus
635 4151 664 4207 et
708 4157 815 4208 eucine
833 4156 984 4210 voluntatis
1003 4155 1112 4210 oblecto
1131 4154 1235 4211 inter·
