2572 4688
356 238 383 295 Ἃ
446 240 605 319 uia.t
649 217 818 321 cnm
1130 254 1175 323 21

80 438 227 525 proptor
240 431 414 519 angustias
427 433 479 501 iro
493 455 560 501 nou
572 440 742 525 poterant.
807 433 874 503 His
887 455 963 504 oum
977 458 1070 505 suae
1096 446 1175 509 onte
1194 445 1216 507 2

81 519 291 612 persuadere
314 544 380 588 non
404 528 564 610 possent,
598 525 730 609 legatos
753 522 1060 612 ainomnorigom
1117 550 1174 596 ae-

80 609 185 675 ‹luum
200 611 362 690 mittum,
383 618 422 674 ut
435 631 476 675 eo
489 608 707 698 deprecatore
724 633 743 677 a
758 610 925 699 Sequanis
938 615 1173 701 impetrarent.
1240 610 1242 614 ’

80 696 274 764 Dumnorix
297 696 407 778 gratia
426 703 462 762 et
480 698 660 783 largitione
683 696 773 789 aputl
794 699 969 788 Sequanos
988 703 1173 791 plurimum
1195 707 1215 768 δ

81 789 222 872 poterat
238 790 274 849 at
293 782 463 851 Helvetiis
481 796 557 850 erat
571 787 719 868 amicus,
765 785 831 853 uod
846 808 887 854 ex
899 790 939 854 ab
951 789 1090 864 civitate
1103 791 1172 859 Or-

81 871 247 958 getorigis
275 870 379 938 filiam
404 871 440 937 in
468 873 717 940 matrimonium
740 806 904 956 auxerat,
930 883 966 944 at
984 877 1170 982 eupiditate

79 958 178 1044 regni
193 956 361 1024 adductus
376 957 471 1025 novis
487 960 589 1026 rebus
602 959 763 1027 studebat
776 967 813 1029 et
827 984 927 1052 quam
942 965 1108 1052 plurimas
1123 967 1171 1033 oi-

82 1047 210 1113 vitatee
228 1067 291 1111 suo
312 1045 474 1113 beneficio
493 1047 617 1114 babere
639 1049 823 1117 obstrictae
842 1050 990 1121 volebat.
1050 1051 1172 1141 ltaque
1191 1045 1216 1114 4

81 1154 154 1199 rem
175 1133 325 1222 suscipit
344 1140 382 1199 et
404 1156 423 1198 a
445 1133 613 1220 Sequanis
634 1135 815 1225 impetrat,
839 1145 881 1203 ut
900 1159 963 1226 per
982 1138 1069 1208 fines
1089 1162 1171 1209 suos

82 1218 260 1287 Helvetios
282 1219 333 1285 ire
353 1219 545 1309 patiantur,
583 1218 788 1309 obsidesque
811 1219 864 1291 uti
882 1220 974 1289 iuter
993 1242 1070 1289 sese
1089 1225 1173 1291 dent

149 1425 217 1490 cap.
231 1428 259 1476 9.
276 1423 304 1485 S.
316 1428 343 1475 2.
377 1434 430 1475 uon
444 1425 570 1487 possent]
593 1437 652 1476 oon
662 1427 803 1491 poterant
820 1427 904 1492 Bong.
916 1426 951 1477 Δ.
966 1426 1049 1480 Voss.
1062 1430 1098 1481 Δ.
1111 1428 1171 1494 l’et.

116 1495 188 1548 Cott.
210 1496 288 1558 Egm.
309 1495 381 1545 Ima.
398 1501 427 1544 et
446 1495 561 1556 quinque
583 1495 631 1546 alii
651 1497 720 1546 oud.
738 1497 785 1547 Dr.
802 1497 837 1546 Α.
852 1494 1001 1547 vietelli.
1017 1497 1099 1550 Vini.
1113 1500 1170 1550 AB.

114 1567 167 1616 Gu.
186 1565 283 1615 llamb.
303 1564 387 1612 Bonn.
421 1562 564 1622 Quodnisi
581 1564 720 1625 probabile
734 1571 809 1614 osset
821 1577 856 1614 ex
868 1564 999 1627 proximis
1011 1565 1169 1636 irrepsisse,

113 1634 213 1685 ooniici
232 1639 328 1695 posset
339 1632 487 1683 caesarem
506 1643 560 1684 non
573 1645 637 1683 ouon
650 1646 701 1685 eeu
713 1646 815 1701 quom,
833 1635 881 1685 sai
894 1635 1028 1707 quoniam
1039 1636 1169 1700 scripsis-

113 1717 161 1768 se,
178 1705 249 1767 quod
262 1714 344 1764 saepe
357 1700 397 1750 ite
410 1702 589 1765 depravatum
601 1703 653 1753 est.

147 1772 175 1833 s.
187 1775 214 1821 3.
249 1782 299 1822 suo
313 1768 457 1830 beneficio]
477 1784 530 1821 suo
543 1771 593 1821 aab
608 1771 701 1838 benef.
716 1770 784 1834 aeg.
797 1769 865 1839 ison·
877 1768 962 1821 Voss.
976 1771 1008 1830 B.
1022 1771 1167 1837 falvi-at.

113 1841 143 1892 C·
165 1842 247 1891 Goth.
267 1842 296 1889 B.
316 1840 385 1904 quod
405 1839 536 1904 originem
551 1842 650 1890 dooere
663 1841 773 1905 piuetur
785 1841 821 1895 ab
834 1839 950 1899 laetiora
963 1841 1078 1894 aliorum
1091 1843 1168 1895 eodi-

114 1923 176 1960 oum
194 1923 248 1960 suo
268 1906 321 1958 sibi
337 1908 416 1974 ben„
441 1921 512 1973 quae
526 1907 555 1958 in
569 1909 652 1965 vine.
666 1910 699 1960 D.
716 1908 767 1970 fio.
777 1915 806 1959 et
819 1908 899 1959 editis
912 1917 976 1961 ante
988 1909 1056 1963 oud.
1070 1915 1088 1962 2
1104 1914 1165 1975 ple-

112 1979 205 2042 risque
225 1985 317 2029 exstat
337 1980 365 2027 et
383 1990 433 2039 per
450 1991 480 2027 se
500 1977 568 2027 satis
581 1979 720 2045 commone
732 1985 785 2029 est.
819 1977 862 2029 Gi.
877 1977 934 2029 (tio.
948 1979 1167 2045 praesciente.

114 2060 197 2114 puero
210 2049 237 2097 st
250 2045 489 2112 -coneeroetts,
506 2047 671 2115 oduiemm,
689 2048 835 2114 muttum,
854 2046 1026 2117 obstrictum
1039 2049 1117 2101 vobis
1130 2063 1166 2102 aa

112 2119 211 2169 literis
224 2117 335 2168 uestris
346 2114 493 2176 babebitis.
527 2117 621 2180 ltaque
637 2117 706 2168 Oui.
720 2119 737 2167 1
754 2129 815 2167 eam
829 2116 930 2186 tenuit,
946 2117 976 2169 in
989 2131 1047 2170 eoo.
1060 2114 1102 2170 e'd.
1116 2133 1166 2173 co·

113 2189 203 2237 (licum
216 2186 350 2237 rationem
361 2185 453 2236 habirit
466 2191 494 2234 et
505 2184 560 2234 eibi
573 2198 634 2234 oum
650 2186 708 2237 Ine.
721 2193 750 2235 et
763 2187 854 2248 steph.
866 2185 966 2237 omisit.

146 2257 174 2316 s.
188 2253 215 2305 42
247 2254 391 2306 Helvetios
410 2253 466 2314 ire]
480 2253 538 2306 vira
556 2255 703 2308 Hemetioa
723 2253 792 2321 ouil-
811 2256 888 2319 solus
903 2263 932 2310 et
950 2256 1056 2320 tutabat
1088 2255 1164 2312 Idem

111 2322 199 2379 inei.
212 2324 363 2388 eeapaulo
376 2330 439 2391 aute
452 2320 519 2392 fietis
533 2323 654 2389 scripsit.
858 2324 861 2328 ’
936 2346 940 2353 -
965 2325 968 2334 “
1014 2324 1019 2331 ”
1140 2322 1143 2329 “

128 2509 233 2576 copo.
252 2511 312 2573 ΒΔ.
327 2526 389 2583 ‚sua
401 2515 509 2577 sponte]
525 2514 600 2567 Vul—
643 2513 686 2567 cis
701 2512 770 2566 idem
785 2521 844 2581 eet,
862 2515 933 2580 qood
946 2511 1108 2568 Gemanica
1120 2511 1163 2569 ‹ii-

82 2591 115 2645 go
140 2596 196 2635 eoo
249 2586 315 2637 oete
336 2585 429 2635 iecere
447 2583 598 2650 uictimis,
642 2585 730 2635 cimus
746 2581 795 2647 eet
807 2579 863 2648 ibic
876 2580 950 2649 ciana
963 2577 1055 2652 boob·

81 2651 124 2713 qui
149 2663 204 2703 sue
246 2655 381 2718 ommate,
415 2665 469 2703 non
488 2655 523 2704 ab
543 2653 598 2704 alio
687 2653 1163 2715 deprecatore]Preoaourueeret‚ut

81 2729 190 2772 ooaotus
212 2729 259 2773 aut
279 2720 411 2783 impulsus
426 2722 511 2792 ,sapiat
534 2724 560 2771 la.
578 2723 598 2772 l.
639 2733 676 2772 ue
694 2721 813 2772 manaim
825 2722 968 2772 Helvetios
982 2720 1163 2782 prohiberent.

82 2802 130 2842 soa
155 2797 252 2852 sponte
280 2788 446 2852 persuadere
473 2791 598 2842 dicuutur
691 2790 719 2852 S.
734 2793 761 2839 3.
793 2789 924 2854 gratiaet
937 2789 1095 2853 largitione]
1119 2787 1162 2845 11,-
1193 2802 1221 2811 ··

80 2859 182 2922 maqui
191 2861 330 2910 voluntate
342 2863 378 2911 mi
391 2859 597 2926 suscipiendum,
639 2859 687 2911 lud
699 2871 816 2912 amorem
826 2867 854 2908 et
866 2858 1080 2909 benevolentiam
1091 2869 1161 2920 qua-

80 2928 126 2978 eei
148 2928 194 2989 qui
217 2929 322 2978 viribus
345 2931 380 2980 ad
408 2930 598 2991 perficiendum
640 2942 744 2992 ortuque
761 2941 792 2978 re
810 2929 970 2994 collectam,
995 2929 1045 2978 boo
1059 2926 1161 2977 libera·
1251 2975 1257 2985 ,

79 2997 192 3057 praediti
204 2999 317 3048 aliorum
328 3010 382 3048 non
394 2998 528 3063 impulsu,
548 3000 598 3050 sed
638 2997 743 3049 litatem
755 2998 829 3060 plebi
841 2997 1008 3059 potissimum
1021 3003 1162 3058 acceptam

79 3066 178 3116 auxilio
192 3078 246 3116 uon
258 3072 347 3134 egent,
365 3074 395 3117 ut
406 3069 596 3129 persuadeant.
639 3074 668 3116 et
679 3068 715 3119 ad
728 3079 789 3117 eam
802 3067 1021 3130 obstringeudam
1037 3065 1161 3115 idoneam

79 3135 150 3184 Solet
160 3136 233 3186 euim
248 3135 441 3186 imbecillitatis
454 3137 597 3187 eonscien-
639 3136 784 3200 significat.
793 3136 915 3199 Vtraque
921 3148 952 3185 re
959 3147 1082 3197 magnam
1090 3134 1161 3194 apud

78 3203 115 3254 iia
127 3204 298 3254 voluntatem
310 3206 458 3261 retardare.
476 3207 528 3255 Sed
537 3218 597 3256 ma·
638 3207 778 3269 Sequanos
793 3204 981 3261 auctoritatem
997 3211 1160 3254 consecutus

78 3273 119 3335 gis
131 3273 262 3324 usitatam
274 3280 317 3323 est
330 3285 386 3340 per
398 3287 438 3326 se.
464 3274 506 3324 cf.
519 3277 546 3342 6,
563 3277 596 3325 13
639 3282 715 3325 erat:
744 3270 821 3336 burda
842 3269 881 3330 bis
893 3268 981 3337 tiebat
1005 3268 1045 3328 bie
1056 3283 1091 3348 ¹tt
1112 3265 1161 3347 stat

78 3343 109 3391 ie
118 3343 197 3402 plebe
206 3342 330 3394 Gallica:
346 3355 401 3408 per
414 3357 445 3393 ee
457 3343 530 3393 nibet
541 3357 597 3394 ou·
638 3341 699 3399 bort
712 3339 861 3407 ttitttbeap
879 3341 933 3397 aab
948 3339 1022 3405 bord)
1037 3341 1076 3396 bie
1089 3336 1160 3405 grate

77 3410 133 3461 det.
174 3412 276 3462 Tamen
296 3415 390 3464 eadem
409 3414 471 3463 iero
489 3413 596 3474 signiti-
639 3406 779 3478 gableieitp
796 3408 836 3479 bie
851 3422 878 3479 tt·
892 3411 952 3481 apat
965 3406 1062 3482 gestiet
1075 3405 1159 3477 batte,

77 3479 182 3533 cauom
196 3480 228 3547 5,
246 3480 280 3530 28
304 3483 353 3531 vix
371 3483 533 3531 eredendum
552 3481 596 3531 di·
689 3484 820 3533 adductus
836 3482 974 3544 studebat]
992 3472 1159 3543 Similiter7‚

78 3548 148 3598 citur
173 3549 322 3601 civitatem
340 3549 488 3616 ipoobilem
508 3552 596 3616 etque
638 3551 674 3610 77
703 3550 818 3615 Romani
838 3551 961 3601 dicuntur
979 3548 1084 3602 invidia
1103 3548 1160 3599 od-

76 3616 210 3670 immilem
227 3619 395 3671 Eburonum
420 3633 474 3670 eoo
494 3621 596 3683 sponte
638 3615 1159 3683 ductiinpotentiumpopulorumagris

75 3689 178 3750 propalo
204 3689 337 3741 Romano
367 3689 469 3739 bellom
494 3691 596 3756 facere
638 3690 779 3759 considere
800 3691 882 3753 uelle.
923 3687 1049 3738 ceterum
1070 3698 1157 3736 nova·

76 3769 184 3807 mom.
223 3758 353 3808 Similiter
365 3758 471 3809 Hirtius
483 3761 564 3808 Alex·
579 3761 596 3809 3
637 3770 699 3813 rum
711 3769 801 3819 rerum
812 3757 929 3817 aturiimp
940 3758 974 3808 ad
985 3755 1159 3816 mutationem

77 3825 323 3876 tleAlexaudrinie:
340 3835 412 3891 quoe
424 3842 443 3878 a
456 3827 536 3878 nobis
545 3825 597 3892 fie-
638 3827 680 3878 rei
700 3825 826 3890 publicae
850 3827 979 3886 llaednae
1005 3826 1157 3889 spectabat,

78 3892 106 3941 ri
117 3893 274 3959 videram,
291 3907 327 3946 ea
338 3896 472 3948 soltertia
483 3895 597 3965 efficis·
638 3895 669 3946 iu
678 3909 731 3958 qua
742 3893 853 3947 facilius
866 3895 1007 3956 imperium
1019 3909 1050 3945 se
1062 3896 1157 3944 obten-

77 3960 159 4027 tant,
182 3964 218 4012 ot
244 3963 343 4015 oottra'
365 3963 483 4017 illorum
508 3977 598 4032 opero
639 3971 729 4015 turum
742 3965 870 4025 sperabat
882 3965 1039 4030 Dumnorix,
1057 3964 1080 4012 si
1089 3963 1159 4013 ilel-

78 4031 385 4084 imitotioiderenturr
403 4039 433 4088 et
445 4050 499 4086 suo
510 4048 597 4100 epon-
639 4032 730 4083 sotios
750 4033 873 4096 abasque
892 4032 1022 4086 civitatee
1043 4033 1096 4086 sibi
1109 4033 1158 4083 ob·
1222 4038 1228 4067 ¹

79 4100 414 4169 temutes-eporeiam.
438 4106 541 4166 ouibus
553 4105 597 4158 lo-
639 4101 754 4157 strictae
772 4103 891 4156 baberet.
