2572 4688
95 284 149 342 ιιι
280 330 284 339 ,
464 246 818 363 raaurrrro.

92 461 216 531 talium
235 455 368 527 ornarit
383 457 573 548 porticibus
599 458 643 527 ad
662 444 796 551 tempus
816 457 1020 539 exstructis,
1047 454 1085 524 ir
1104 459 1188 548 qul-

92 567 159 635 bus
181 562 370 633 abundante
387 584 500 631 rerum
521 563 618 653 copia
639 585 720 653 pars
732 570 927 655 ‚apparatos
941 572 1185 654 exponeretur.

90 670 298 740 Venationcs
322 675 434 733 autem
454 666 678 755 ludosqueet
696 688 771 735 coru
788 670 919 754 collega
939 675 976 736 et
993 669 1184 758 separatim

92 773 202 842 edidit
215 773 343 860 bosque
360 779 429 837 tam
445 773 637 855 magnilica,
663 780 703 839 ut
722 771 944 856 communium
963 793 1097 860 quoquc
1116 771 1184 838 im-

58 922 68 935 ·
90 898 272 969 pensarum
294 877 388 943 solus
412 877 553 961 gratiam
571 881 726 965 caperet3
760 898 860 965 quam
881 874 924 944 ob
942 897 1014 943 rem
1029 874 1183 941 Bibulus

89 982 179 1069 idem
198 981 266 1049 sibi
282 978 435 1047 evenisso
448 975 601 1060 dicebat,
622 979 713 1067 quod
725 976 878 1060 Polluci,
905 977 960 1045 cui
979 984 1182 1046 consecrata

90 1084 168 1153 cnm
194 1078 340 1155 Castore
368 1080 469 1148 aedos
495 1079 650 1152 Castoris
679 1088 811 1151 tantum
840 1088 1036 1163 vocaretur3
1079 1103 1181 1149 suam

88 1188 179 1257 enim
196 1186 421 1273 Caesarisque
435 1172 694 1252 munificentiam
709 1188 810 1254 unius
829 1184 986 1253 Caesaris
999 1184 1078 1254 dici.
1120 1183 1182 1252 ln-

88 1294 210 1381 primie
224 1289 466 1377 Megaleusium
482 1296 516 1355 et
530 1288 756 1357 Romanorum
774 1287 930 1357 ludtrum
945 1285 1181 1356 memorabilis

88 1397 220 1485 species
232 1395 311 1461 fuit.
352 1390 495 1460 Adiecit
510 1392 652 1481 insuper
664 1390 793 1461 Caesar
806 1393 907 1459 etiam
927 1393 1029 1480 epula
1047 1399 1083 1459 et
1104 1406 1182 1458 mu-

88 1521 153 1569 nus
168 1499 279 1589 patris
291 1496 431 1565 funebre
438 1544 453 1578 ,.
470 1497 506 1562 iu
521 1517 588 1584 quo
604 1495 734 1585 primus
756 1498 845 1563 omni
866 1502 1033 1585 apparatu
1053 1517 1180 1563 arcuac

88 1610 248 1692 argenteo
270 1622 352 1669 usus
373 1605 444 1681 cst,
471 1599 631 1689 ferasque
652 1599 819 1687 argenteis
840 1600 951 1686 gassie
971 1599 1179 1666 incessivere

87 1709 198 1788 noxii,
231 1705 455 1793 gladiatorum
476 1712 588 1770 autem
616 1707 713 1792 paria
741 1704 973 1794 depugnavere
1001 1704 1179 1792 aliquanto

86 1812 264 1905 pauciora,
286 1831 385 1899 quam
400 1806 641 1876 destinaverat.
683 1807 773 1876 Nam
789 1830 864 1875 cum
879 1807 1059 1896 multiplici
1074 1808 1178 1875 undi-

86 1939 154 2007 que
173 1915 303 1981 familia
322 1920 516 1998 comparata
539 1910 692 1979 inimicos
706 1913 947 1990 exterruisset,
969 1919 1104 1978 cautum
1120 1919 1178 1978 est
1202 1956 1227 1981 -ι

86 2020 131 2086 de
144 2036 283 2086 numero
297 2012 542 2104 gladiatorum,
567 2034 634 2101 quo
650 2035 692 2079 ne
706 2017 864 2084 maiorem
878 2017 1033 2103 cuiquam
1049 2015 1176 2083 babere

85 2121 215 2191 Romae
235 2119 366 2186 liceret.
416 2113 540 2202 Itaque
566 2122 717 2183 trecenta
742 2118 860 2205 viginti
885 2121 981 2210 paria
1008 2120 1175 2194 exhibuit

85 2224 211 2315 Neque
239 2224 330 2289 intra
359 2219 422 2286 bos
439 2218 527 2287 ¹lines
552 2219 626 2287 eius
650 2221 730 2287 anni
749 2215 915 2309 sumptus
932 2222 1174 2297 substiterunt.

85 2328 232 2402 Praeter
250 2323 457 2393 aedilitatem
478 2324 567 2390 enim
583 2323 714 2391 curatio
732 2327 805 2394 viae
817 2327 954 2416 Appiae
971 2327 1174 2398 demandata

86 2435 121 2503 ci
135 2457 154 2502 a
170 2432 294 2524 populo
313 2434 404 2509 crat,
430 2427 465 2493 in
487 2450 587 2515 quam
602 2430 769 2516 ingentem
785 2429 826 2495 dc
840 2452 903 2498 suo
916 2433 1089 2520 pecuniam
1106 2435 1173 2500 im·

85 2536 216 2629 pendit.
258 2531 324 2600 His
340 2532 496 2599 omnibus
511 2531 612 2598 rebus
625 2533 801 2599 conciliato
817 2536 934 2622 populi
947 2557 1071 2620 amore,
1093 2559 1171 2605 cum

85 2639 203 2708 eodem
229 2643 381 2724 tempore
406 2635 634 2704 Alexandrini
660 2659 773 2723 regem
800 2658 897 2704 suum
918 2641 1043 2706 socium
1067 2647 1172 2728 atqua

83 2746 226 2814 amicum
243 2764 262 2807 a
276 2745 397 2807 senatu
410 2741 614 2829 appellatum
628 2742 836 2831 expulissent
851 2763 974 2830 resque
986 2746 1085 2830 vulgo
1099 2745 1173 2812 Ro·

84 2871 160 2917 mae
180 2836 448 2936 improbaretur,
474 2845 618 2911 tentavit
641 2866 702 2932 per
725 2852 856 2932 partem
876 2846 1106 2928 tribunorum,
1128 2857 1171 2917 ut

84 2953 151 3021 sibi
166 2953 347 3038 Aegyptus
363 2949 535 3039 provincia
554 2947 732 3037 plebiscito
752 2946 906 3032 daretur3
934 2973 994 3018 nec
1011 2952 1170 3036 obtinuit,

81 3055 282 3138 adversante
305 3053 516 3145 optimatium
537 3054 694 3123 factione.
738 3053 864 3138 Regem
887 3053 991 3120 istum
1010 3060 1170 3144 suntqui

82 3159 317 3230 Ptolemaeum
331 3156 561 3224 Alexandrum
577 3157 682 3222 luisse
698 3156 908 3238 existiment,
930 3179 1029 3244 quem
1046 3159 1167 3249 Cicero

83 3261 292 3332 orationibus
313 3261 348 3327 iu
371 3261 510 3328 Rullum
531 3261 619 3349 Tyri
641 3265 809 3326 mortuum
827 3260 1013 3348 significet,
1040 3263 1082 3331 de
1097 3288 1167 3353 quo

81 3369 133 3437 ita
155 3363 325 3453 loquitur,
361 3371 400 3429 ut
425 3363 542 3430 multis
565 3363 660 3430 aunis
682 3373 760 3430 ante
780 3363 937 3434 Caesaris
958 3366 1166 3440 aedilitatem

73 3464 239 3539 mortuus
260 3488 334 3535 esse
357 3465 522 3535 videatur.
566 3466 686 3556 Neque
702 3469 861 3550 durorum,
882 3492 970 3557 quos
983 3473 1166 3562 Appianas

82 3575 192 3657 novit,
219 3569 490 3640 Alexandrorum
511 3572 603 3638 ullus
626 3562 669 3637 ad
697 3572 778 3638 haec
808 3580 960 3662 tempora
989 3579 1165 3665 pertinuit.

81 3679 195 3766 Magis
214 3670 377 3745 Auletem
402 3676 507 3743 luisse
529 3674 745 3758 crediderim,
774 3677 833 3764 qui
854 3679 1036 3747 seeundum
1056 3683 1166 3751 Eusc-

74 3782 176 3850 'bium
197 3779 275 3847 inde
302 3779 343 3845 ab
365 3803 397 3847 a.
420 3777 654 3848 DCLXXVI.
672 3780 841 3865 regnavit,
870 3803 1071 3872 quamquam
1086 3789 1117 3854 is
1133 3814 1166 3861 a.

82 3883 216 3953 demum
236 3880 520 3952 DchxXxV.
544 3882 629 3949 socii
651 3892 752 3972 atque
773 3885 873 3951 amici
889 3890 1006 3978 populi
1020 3891 1166 3962 Romani
1224 3920 1229 3932 ¹

71 3991 240 4058 'bonoram
270 3995 471 4054 consecutus
499 3986 657 4054 traditur.
714 3987 873 4056 Ceterum
897 3991 999 4061 Cotta
1016 4003 1052 4061 et
1072 3997 1163 4064 Tor.

83 4100 188 4184 quato
216 4112 304 4165 coss.
331 4091 459 4169 Romae
487 4091 696 4163 anouaullis
716 4091 753 4162 id
772 4097 883 4162 actum
905 4117 1000 4179 esec,
1032 4107 1073 4168 ut
1092 4100 1164 4170 Ae.
