2572 4688
407 214 535 321 are.
564 215 618 293 11.
661 214 856 335 cera¹
932 190 934 195 ’
1110 219 1177 313 ras

88 408 163 474 tum
181 402 283 472 iacile
300 403 415 478 flebat.
457 404 549 476 Nam
571 428 646 475 cum
669 414 764 477 teuta
785 403 968 477 multitudo
985 406 1118 501 lapides
1135 430 1174 476 eu

87 492 160 559 tela
179 492 402 579 conticerent,
429 490 465 561 iu
485 517 582 564 muro
598 495 807 564 consistendi
822 504 975 585 potestus
989 505 1064 565 eret
1077 496 1174 566 culli.

88 578 176 650 Cum
193 581 291 647 tinem
307 583 522 673 oppugnandi
538 605 603 651 nor
617 584 772 668 fecisset,
792 582 904 653 lc'cius
914 579 1211 667 Remus,‘aum·4

88 688 144 734 me
163 667 342 737 nobilitate
363 678 399 737 et
419 671 530 756 gratia
544 672 633 737 inter
646 694 746 754 auae,
773 671 917 762 quitum
932 670 1056 762 oppido
1075 674 1174 761 prse-

86 754 221 838 fuerat,
248 779 336 824 uuus
359 779 399 825 ex
417 759 488 840 his,
517 759 576 846 qui
588 759 693 849 legati
710 757 752 826 de
766 781 847 849 pace
864 760 907 828 ad
922 759 1174 836 6333313333-

121 912 271 982 13311133,
301 917 351 967 sed
373 915 457 968 etiem
473 915 617 969 stillarunt
635 917 722 970 tieret.
763 918 822 970 lico
839 916 940 984 igitur,
963 920 1033 985 quod
1050 917 1079 972 lu
1096 919 1174 973 tantu
1220 954 1225 968 .

120 984 274 1035 litterarum
292 985 467 1037 similitudine
483 989 532 1038 vel
549 986 607 1037 sinc
625 987 763 1041 codicibus
780 986 903 1051 recipere
917 1001 1002 1040 eurus
1015 1000 1120 1057 essem,
1136 987 1174 1040 il-

120 1053 227 1119 lorum,
251 1065 319 1119 ¹epatu
336 1054 473 1123 iudicavi,
498 1057 660 1108 auctoritate
678 1057 748 1108 setis
763 1057 946 1110 ccudrmeturu
965 1067 1038 1122 puto.

33 1134 35 1139 ·
157 1121 186 1181 5.
204 1126 231 1174 3.
271 1124 341 1175 uem
363 1136 425 1190 curu
450 1131 526 1177 tauta
542 1149 578 1163 -
596 1125 779 1195 conticerent,
808 1126 838 1176 iu
861 1121 1172 1186 ωηο-3131113111]

120 1196 247 1257 namque
271 1193 356 1245 tanta
376 1218 411 1231 -
432 1194 636 1262 caniiaiedaat,
668 1197 704 1245 ut
728 1196 760 1246 ia
781 1208 866 1248 muro
879 1221 913 1234 -·
926 1199 1002 1250 esset
1023 1195 1097 1248 uuiti
1121 1195 1173 1246 Ox·

119 1261 205 1313 Vlud.
222 1263 347 1313 11133.
364 1261 399 1312 A.
415 1262 493 1319 Laid.
511 1264 545 1315 Δ.
562 1265 619 1325 (113
631 1264 798 1316 couiieietat
808 1272 836 1315 et
848 1267 946 1335 naua,
964 1266 1094 1323 111331.
1111 1262 1174 1314 331-

107 1328 334 1395 ,31313ηὲ1113
360 1339 414 1381 etc.
441 1335 505 1385 ente
529 1333 596 1386 oud.
626 1334 692 1392 (133
717 1338 811 1396 uam.)
844 1335 922 1387 Hunc
940 1347 990 1399 ego
1009 1334 1174 1397 scripturam

120 1398 249 1450 variandi
273 1400 361 1453 dudio
378 1401 472 1452 ecdem
488 1402 554 1470 illo,
579 1401 656 1454 cuius
674 1403 794 1467 vestigia
819 1405 852 1470 1,
869 1401 903 1455 lc
920 1404 978 1465 51
998 1412 1109 1455 exstare
1126 1401 1174 1452 vi-

120 1468 271 1537 debuntur,
302 1479 388 1521 ortem
406 1472 546 1539 suspicor,
571 1482 712 1537 postquam
728 1486 797 1524 uam
813 1484 878 1524 cum
895 1475 941 1522 vel
957 1484 1025 1525 amn
1043 1484 1128 1540 quam
1144 1470 1174 1523 iu

119 1550 244 1603 namque
259 1545 414 1601 corruptum
431 1543 515 1590 esset.
549 1542 574 1591 A
592 1541 715 1593 (laesere
737 1542 842 1606 quidem
858 1544 1008 1606 protectum
1025 1544 1172 1606 propterea

119 1618 175 1659 usu
193 1607 326 1674 arbitror,
349 1610 420 1673 quod
436 1608 463 1660 is
479 1609 533 1660 iam
550 1622 612 1673 cup.
626 1608 645 1661 4
661 1619 766 1676 quauta·
779 1618 854 1662 esset
870 1611 1078 1676 oppugnantium
1098 1609 1172 1662 mul·

120 1676 224 1745 titudo,
248 1686 302 1728 turn
325 1678 477 1731 luculenter
493 1679 599 1743 docuit,
621 1682 653 1731 ut
669 1693 723 1732 nou
738 1680 866 1733 rideatur
881 1683 926 1733 hio
945 1682 1051 1732 demum
1068 1693 1104 1732 ex
1121 1680 1171 1732 illo

119 1746 220 1797 ereata
244 1747 382 1800 aestimari
406 1761 466 1802 eam
489 1749 628 1813 voluisse,
653 1752 681 1801 et
697 1752 767 1815 quod
784 1762 830 1801 ree
846 1750 908 1814 ipsa
924 1751 1051 1813 effectura
1068 1749 1171 1816 potius,

119 1827 201 1881 quem
217 1828 330 1869 causam
346 1818 440 1870 doceri
461 1818 580 1871 iubebat.
613 1817 740 1870 ceterum
756 1832 810 1872 narr
826 1832 880 1871 uno
896 1821 975 1873 modo
990 1822 1059 1873 1333
1075 1817 1105 1870 iu
1121 1830 1171 1871 oo·

119 1884 226 1936 dicium
241 1887 352 1939 variata
368 1895 442 1938 eunt.
474 1887 560 1952 song.
576 1887 607 1939 B.
630 1889 711 1956 sorte
728 1892 791 1953 post
807 1901 872 1940 eum
888 1890 1009 1944 additum
1024 1887 1115 1943 ualet.
1134 1888 1171 1939 lu

113 1954 204 2006 iviud.
223 1956 258 2007 E.
287 1962 354 2008 cum
375 1958 461 2010 tauta
482 1957 667 2011 multitudiue
685 1984 721 1997 -
739 1955 943 2028 coniecerunt,
973 1957 1004 2011 iu
1024 1959 1096 2014 Isou.
1119 1956 1170 2011 leb·

118 2023 216 2077 Remo.
242 2025 294 2077 Gu.
314 2026 381 2077 item
405 2026 609 2094 cuuuceruut,
638 2027 667 2080 in
689 2028 857 2082 ra1.·oarv.
875 2030 959 2087 Vtut.
979 2027 1011 2084 0.
1036 2026 1170 2079 1133113.

118 2094 293 2162 coniecerit,
316 2095 345 2146 iu
362 2095 411 2147 Dr.
427 2099 462 2148 A.
477 2097 624 2149 coniceret
640 2097 749 2162 legitur.

152 2161 181 2224 5.
190 2161 221 2214 ’4.
254 2166 427 2233 praefuerat]
448 2168 649 2235 praefuerant
664 2167 747 2219 vind.
764 2166 797 2219 F.
829 2168 1030 2235 praefuerunt
1042 2164 1125 2217 vind.
1139 2163 1170 2215 c.

116 2237 305 2298 processerat
318 2236 376 2284 cod.
392 2237 482 2298 steph.
496 2239 642 2289 secuudum
654 2238 760 2290 llotom.
779 2241 923 2304 praeerat
937 2238 987 2288 ox.
1000 2238 1076 2299 Egra.
1089 2236 1169 2285 Vrat.

118 2305 153 2355 Δ.
171 2302 283 2366 Lipsius
300 2317 316 2353 e
334 2304 472 2356 ciacconii
489 2307 646 2360 coniectura
663 2314 691 2356 et
709 2321 766 2371 sqq.
796 2306 1100 2372 Plusquamperiectum'
1115 2314 1170 2354 non
1261 2318 1265 2326 ·

118 2373 207 2422 solum
224 2373 273 2426 illo
290 2375 426 2442 tempore,
451 2388 502 2438 quo
517 2375 639 2426 nundum
653 2372 746 2442 misit,
769 2377 938 2442 praefuisse,
955 2377 1006 2425 sed
1018 2375 1073 2424 iam
1088 2381 1170 2424 antee

118 2454 251 2506 praeesse
275 2443 401 2506 coepisse
425 2443 561 2510 significat
584 2456 672 2508 neque
689 2444 815 2510 impedit,
840 2457 892 2513 qrro
908 2445 997 2496 miuus
1013 2444 1096 2494 etiam
1112 2446 1169 2494 tum

118 2511 273 2574 praefuisse
296 2513 448 2579 statuatur,
474 2515 543 2576 quod
561 2525 628 2564 reue
645 2513 705 2566 lieri
723 2515 817 2579 debet,
841 2515 890 2565 eed
905 2513 984 2565 verbi
1001 2524 1087 2564 causa
1108 2511 1169 2575 deri

117 2591 172 2630 uon
191 2581 280 2644 magis
303 2593 418 2631 necesse
440 2584 499 2648 est,
525 2594 619 2649 quem,
642 2579 668 2632 si
689 2582 835 2646 praeerat
858 2585 981 2649 legatur,
1005 2583 1039 2632 de
1055 2579 1168 2643 imperio

117 2648 173 2701 lem
191 2653 274 2701 antee
290 2650 449 2701 demandato
467 2650 592 2714 cogitari.
627 2650 670 2702 cf.
685 2652 761 2702 intra
781 2648 943 2713 c.2ls.1:
974 2651 1071 2702 eadem
1093 2651 1168 2701 tem-

116 2730 190 2783 pure
207 2720 317 2784 equites
332 2720 431 2771 uestri
447 2721 574 2786 leuisque
589 2721 760 2772 armaturae
772 2720 902 2787 pedites,
919 2720 969 2785 qui
983 2717 1096 2770 sumtis
1108 2731 1168 2770 uua

120 2789 258 2856 fueraut,
279 2802 349 2855 quos
366 2797 419 2839 etc.
461 2789 521 2840 civ.
534 2795 568 2854 3,
585 2787 636 2842 ts:
664 2791 709 2841 est
726 2790 815 2844 etium
831 2802 921 2856 penus
937 2788 1048 2841 radicis
1063 2787 1167 2840 iuven·
1219 2822 1222 2827 ·

118 2860 180 2909 tum
192 2858 227 2909 ab
239 2857 302 2925 icis,
319 2858 370 2923 qui
384 2859 507 2925 fueraut
518 2872 584 2910 oum
600 2859 725 2911 Valerio.
760 2860 841 2908 Alex.
855 2859 890 2911 57
906 2857 979 2918 513
995 2857 1114 2908 iuterim
1129 2857 1165 2908 1..

117 2927 230 2994 Titius,
260 2928 309 2992 qui
333 2941 365 2978 3ο
392 2931 521 2992 tempore
545 2928 678 2980 tribunus
693 2926 818 2979 militum
834 2928 865 2978 ta
881 2927 992 2992 lepidae
1007 2928 1166 2978 uernacula

119 2999 238 3063 fecerat,
261 2997 384 3047 nuntiat
407 3011 469 3049 eam
492 3006 545 3047 etc.
579 2997 617 3049 io.
644 2997 670 3057 5.
685 2997 717 3048 5:
746 2997 819 3048 duas
835 2996 970 3048 cohortes
986 2995 1106 3063 teutonis
1123 3007 1164 3062 3.,

119 3081 192 3133 puae
210 3067 333 3132 fuerant
345 3066 492 3120 Cordubae
504 3067 536 3117 iu
547 3067 696 3133 praesidio
704 3099 713 3132 ,
731 3065 807 3118 idem
821 3067 930 3133 facere.
963 3066 1024 3118 Atr.
1038 3067 1072 3118 31
1090 3065 1117 3126 5.
1132 3066 1166 3115 1:

118 3137 260 3203 equitibus
289 3136 402 3199 autem,
433 3135 483 3201 qui
506 3137 537 3188 iu
559 3137 686 3187 statione
707 3136 846 3203 fuerant,
876 3135 1031 3201 praecipit.
1072 3135 1165 3197 Nepos

118 3205 246 3257 duemist.
260 3205 292 3256 8:
321 3205 360 3256 ad
375 3205 545 3273 Admetum,
564 3207 759 3257 Molossorum
774 3218 889 3271 repam,
911 3208 982 3255 cum'
993 3215 1049 3269 qua
1068 3205 1095 3256 ei
1111 3203 1165 3252 dc-

116 3275 236 3338 spitium
249 3274 367 3342 fuerat,
389 3275 531 3342 consopit.
565 3278 607 3326 Ac
625 3287 659 3327 ne
680 3276 758 3323 verbi
774 3288 835 3326 esse
853 3277 903 3327 lroc
919 3273 1057 3336 proprium
1074 3282 1163 3338 putes,

118 3345 156 3394 cf.
178 3343 295 3409 introit,
312 3344 332 3396 7
349 3345 406 3405 52
423 3344 583 3408 hiemaret,
612 3341 740 3394 113361
760 3341 1164 3405 5.331111·.235.13175

118 3411 340 3474 5313133331.
374 3414 428 3463 Sed
445 3414 621 3466 constiterat
635 3416 669 3479 3,
686 3411 705 3463 l
722 3417 791 3464 extr.
814 3420 842 3462 et
858 3423 927 3476 qrrao
945 3411 1064 3462 eiusdem
1080 3423 1165 3475 gene-

116 3482 157 3535 rie
174 3484 254 3547 eunt,
278 3493 348 3544 quae
365 3495 383 3533 e
398 3484 535 3537 nonnullis
551 3484 646 3534 codem
666 3483 836 3549 referuntur,
860 3481 915 3532 elio
933 3481 1078 3546 pertinent.

150 3552 234 3611 uuus]
259 3560 349 3601 uuum
366 3551 489 3617 codices,
516 3552 542 3602 ei
557 3552 646 3603 minus
662 3562 754 3600 omnes
772 3553 848 3610 (uem
865 3549 945 3603 Carr-
963 3557 993 3600 et
1008 3548 1044 3615 il,
1067 3546 1164 3613 quihus
1239 3566 1240 3571 ¹

116 3619 286 3673 li'lodoardus
304 3621 367 3672 loco
384 3622 419 3672 cd
436 3626 491 3673 c.3
509 3620 567 3683 51
586 3620 668 3673 citato
684 3628 712 3671 et
729 3621 878 3672 Petrareha
890 3624 924 3688 6,
942 3615 1164 3670 3333333113

106 3802 115 3808 .
131 3754 160 3818 5.
171 3758 199 3808 3.
233 3757 316 3808 fusile
328 3756 425 3817 tiebat]
447 3756 511 3807 Sine
526 3757 601 3820 peri-
695 3754 722 3816 5.
734 3755 761 3807 4.
787 3769 891 3809 summe
901 3752 1042 3808 nobilitate
1056 3763 1085 3806 et
1097 3768 1163 3819 gre·

83 3827 145 3878 culo
165 3828 202 3878 ad
217 3838 323 3877 murum
344 3827 474 3878 accedere
487 3839 601 3890 eumque
643 3824 682 3877 tia
694 3828 765 3877 inter
779 3825 858 3887 suos]
883 3824 933 3878 cui
946 3825 1019 3876 laudi
1032 3839 1058 3875 c.
1071 3826 1088 3875 3
1102 3823 1129 3886 5.
1143 3827 1159 3875 1

83 3896 214 3947 subruere
226 3903 387 3961 coeperant,
410 3897 460 3946 aed
478 3908 600 3958 perrum-
642 3894 671 3946 ln
681 3894 842 3958 primalccii
855 3893 1106 3947 commemoratione
1118 3896 1161 3951 lo-

82 3978 146 4027 pere
160 3973 291 4016 conuutee
305 3964 364 4015 dies
378 3965 485 4017 defecit.
643 3978 693 4015 cus
714 3977 767 4014 riou
785 3954 896 4030 133333,ι
914 3976 948 4016 33
959 3964 1020 4029 tric,
1043 3962 1161 4015 obirem

134 4033 314 4093 conticerent]
337 4034 378 4084 lle
390 4035 488 4098 plurali
501 4048 599 4088 cousu-
643 4036 710 4084 beno
725 4034 812 4099 gerit,
835 4034 913 4098 quasi
928 4029 1161 4099 3333133033-

82 4100 276 4169 temporum
293 4100 321 4164 5.
335 4104 418 4156 coss
644 4115 707 4158 eure
721 4104 850 4156 etdciurr.
