2572 4688
425 267 532 345 uu.
560 267 616 345 11.
658 267 784 346 GAP.
809 274 835 346 8
894 288 898 301 ·
1106 274 1173 344 1³⁹

82 454 362 563 significabatur,
392 461 539 553 amplius
559 460 698 529 milibus
719 482 882 567 passuum
905 467 981 529 octo
997 461 1035 529 io
1052 460 1174 527 latita

82 544 199 612 danem
213 546 387 635 patebant.
471 553 507 621 8.
540 546 668 617 Caesar
680 570 790 638 primo
807 556 843 617 et
857 555 997 639 propter
1016 549 1174 615 multitu-

83 632 199 738 dinem
228 635 376 701 hostium
403 640 439 701 st
466 646 608 725 propter
638 638 792 705 eximiam
819 637 1008 726 opinionem
1036 637 1173 705 virtutis

83 721 216 826 proelio
240 720 465 812 supersedero
492 725 633 808 statuitq
667 722 792 792 cotidie
819 731 932 791 tamen
957 723 1173 811 equestribus

84 811 246 895 prositis,
271 810 354 897 qnid
371 811 480 878 bostis
497 812 625 880 uirtute
639 818 776 900 posset,
799 821 834 879 et
848 812 930 901 quid
947 813 1057 879 nostri
1071 809 1175 876 aude.-

83 903 179 976 rsnt,
209 897 478 984 periclitabatur.
551 896 622 966 Vbi
641 907 778 966 nostroe
799 921 866 965 non
893 921 970 965 esee
995 898 1217 968 inferioresz
1277 961 1279 967 .

85 982 274 1067 intellexit,
300 987 376 1052 loeo
394 1008 458 1077 pro
479 988 603 1054 castris
625 988 668 1055 ed
688 988 793 1055 aciem
807 984 1039 1055 instruendam
1053 990 1176 1053 natur'a

156 1176 226 1242 ofili·
238 1177 264 1229 8·
282 1175 351 1239 8010
383 1179 508 1241 pmemfl]
530 1192 583 1233 vn·
598 1179 681 1232 Villa·
698 1178 730 1232 ce

156 1249 265 1308 pomi]
287 1250 385 1312 posset
400 1249 655 1316 sollicitationibus
675 1248 850 1316 acquirebat
866 1250 914 1300 Dr.
930 1248 962 1297 Β.

156 1314 376 1378 periclitabatur]
397 1319 641 1384 periclitabantur
659 1320 756 1370 liaml.
770 1327 872 1371 etcum
886 1322 986 1385 puncto
1001 1312 1051 1363 sub
1063 1324 1085 1362 n
1097 1310 1178 1362 (ioth.

121 1383 154 1431 Β·
174 1386 394 1448 pericutabulur
414 1389 461 1439 Dr.
479 1390 508 1437 Β.
533 1387 883 1452 superbientemque.
901 1383 1027 1438 vrnall.
1044 1381 1099 1431 inc.
1124 1392 1179 1431 eu-

120 1451 258 1515 piebatur
270 1457 353 1505 Bona.
371 1457 623 1509 sollicitationibus
637 1457 810 1524 exquirebat
821 1456 916 1510 Vrsini
928 1456 1013 1519 iiber,
1030 1450 1080 1502 (iu.
1093 1450 1179 1500 Voss.

122 1522 180 1572 ΑΒ.
198 1523 282 1587 Bong.
299 1522 330 1575 (i.
348 1525 418 1576 And.
436 1526 488 1577 ox.
505 1527 633 1578 Laid-A.
650 1524 721 1578 liat.
732 1529 769 1577 ab.
786 1528 850 1579 Par.
863 1527 894 1577 il.
907 1524 988 1576 vind·
1002 1520 1082 1573 noll.
1096 1516 1178 1568 Goth.

122 1591 159 1641 Δ.
182 1590 226 1651 (bi
248 1592 301 1644 dno
318 1595 415 1654 salic.)
440 1595 614 1661 esquirebat
637 1609 765 1658 prover.
782 1597 847 1647 lect
864 1604 959 1659 margo
978 1592 1039 1669 Pet.
1069 1586 1180 1639 subici-

123 1658 282 1711 tciioaibus
296 1663 522 1726 periclitabatur
539 1665 608 1716 oud.
621 1668 648 1714 2.
683 1660 758 1715 idem
772 1662 804 1729 in
820 1662 897 1716 uela.
912 1663 942 1711 B.
959 1669 1101 1720 utrumque
1116 1668 1180 1705 esse

123 1730 248 1779 tenatnr
265 1730 399 1783 incertum
414 1734 547 1800 reliquit,
577 1742 666 1784 utrum
686 1734 792 1799 periei.
809 1733 873 1787 sall.
892 1743 958 1795 adq.
973 1732 1013 1779 'an
1030 1724 1093 1795 solt.
1111 1737 1180 1788 eaq.

123 1793 442 1931 lttltilqllill
457 1801 599 1925 iiiia
616 1803 836 1939 attari
849 1793 1181 1920 titillabit
1246 1888 1250 1899 .

125 1934 228 1997 editum
241 1934 393 1989 accesere
409 1939 527 2007 arbitrer
544 1905 656 2002 eins'qne
671 1926 890 2002 glossematum
907 1932 1116 2000 experiebatur
1132 1933 1181 1982 ia-

124 2001 181 2054 aiie
196 2003 316 2072 largior,
345 2009 395 2058 sed
410 2009 660 2059 caussationibus
678 2007 853 2074 acquirebat
869 2006 904 2057 ab
920 2007 984 2069 ipso
1001 2003 1134 2065 scriptore
1151 2001 1181 2051 in

125 2071 347 2154 Epiremeridibue
363 2078 480 2139 positum
495 2079 634 2149 suspicor,
657 2077 689 2127 m
727 2075 986 2147 &quiribus
999 2070 1180 2139 praelusio,-

126 2154 189 2191 cnm
206 2154 294 2205 magis
309 2152 337 2192 et
353 2147 523 2209 rennueret
540 2148 647 2215 signiae
772 2158 804 2202 oc
821 2158 878 2199 rem
895 2145 991 2210 ipsapn',
1030 2154 1078 2201 pcr
1099 2151 1180 2204 quam

125 2209 170 2289 Μ.
192 2212 262 2287 libid
280 2214 381 2289 uellet,
404 2216 543 2338 rigebitis
567 2213 607 2273 'tt
634 2106 757 2293 “Qu
802 2195 1051 2291 eitetqeiedtteitbie
1068 2204 1181 2275 iussisti

126 2271 176 2335 itti
193 2278 238 2334 ber
254 2277 349 2358 &erube
367 2282 421 2338 aab
455 2296 488 2339 en
504 2281 591 2349 tanti
623 2297 651 2339 er
668 2284 781 2351 ietntqen
805 2282 903 2346 butdt
921 2276 1102 2342 totebetboiie,
1128 2287 1181 2331 nur

127 2346 361 2417 ffieuatubtqunqt
384 2350 469 2418 niuis
486 2351 686 2419 antiatibeubeb
705 2366 765 2422 quin
784 2342 869 2420 &teet
885 2348 998 2423 babenbe
1011 2343 1132 2421 iinqtiie
1149 2357 1181 2415 qu

127 2416 279 2483 tristidteit.
313 2433 399 2486 eoque
410 2425 499 2488 magis
514 2425 666 2474 addendum
682 2423 785 2486 aliquid
802 2420 982 2488 equestribus
998 2419 1118 2484 proeliis
1134 2416 1182 2467 vi-

128 2490 186 2547 deri
205 2496 326 2557 poterat,
350 2492 376 2540 si
391 2492 497 2555 pedites
512 2505 632 2558 quoque,
655 2492 684 2542 id
701 2494 771 2554 quod
787 2492 940 2542 verisimile
958 2497 1017 2553 est,
1043 2489 1181 2537 interesse

127 2558 248 2622 equitum
263 2559 375 2622 proeliis
393 2561 507 2622 periculi
524 2561 642 2612 faciendi
659 2573 746 2611 causa
758 2561 894 2610 voluerat.
929 2560 961 2609 In
980 2556 1180 2607 Commentario

128 2641 197 2679 vero
221 2628 360 2679 omittendi
383 2630 454 2683 ratio
477 2632 571 2682 eadem
593 2631 682 2680 inisse
699 2629 824 2692 videtur,
847 2641 927 2692 quam
945 2627 972 2675 in
990 2628 1051 2676 adn.
1069 2626 1130 2674 crit.
1146 2625 1183 2674 ad

127 2709 154 2747 o.
167 2701 185 2747 2
200 2697 260 2758 §.i
280 2698 396 2750 ostendi.
435 2702 525 2761 Atque
549 2700 632 2750 etiam
653 2699 791 2762 duplicem
807 2698 885 2747 illum
903 2694 1053 2747 ablativum
1070 2701 1098 2742 et
1116 2704 1182 2742 ver-

127 2767 383 2835 numennumen,
403 2781 565 2833 quemquem
580 2770 630 2834 lips
648 2770 680 2832 1,
699 2766 733 2818 41
753 2766 808 2826 §.³
824 2766 907 2816 slmili
924 2762 1083 2825 explorandi
1095 2761 1183 2824 signi-

129 2834 257 2889 ficatione
281 2838 397 2900 iegitur,
429 2837 563 2901 relegenti
587 2835 771 2899 ephemerides
795 2847 860 2884 suas
884 2830 1033 2897 displicere
1060 2831 1183 2893 potuisse

128 2918 182 2957 non
200 2918 284 2973 nego,
308 2907 357 2955 sed
375 2906 534 2968 glossemati
553 2905 643 2957 simile
658 2905 727 2956 nihil
742 2905 786 2955 iric
803 2904 884 2954 video
901 2915 988 2964 neque
999 2900 1105 2951 nomine
1122 2901 1182 2950 sol-

127 2974 256 3026 licitatio
272 2968 409 3041 offendor,
427 2978 500 3053 Qi
518 2989 536 3028 a
552 2974 679 3026 Terentio
696 2982 725 3024 et
741 2974 872 3025 Cicerone
890 2978 1004 3033 usurpat
1022 2983 1049 3023 ut
1066 2982 1120 3020 non
1136 2969 1182 3019 in-

129 3043 225 3108 tellige
241 3037 524 3109 abrenuntiantem
547 3056 611 3095 num
628 3057 646 3096 a
662 3044 783 3095 Caesare
801 3044 842 3092 sis
856 3042 908 3091 dici
922 3053 955 3103 po
987 3040 1053 3104 erit,
1072 3041 1103 3090 ui
1115 3051 1183 3088 ver-

121 3114 194 3163 ·bum
209 3113 371 3167 subtraere
385 3115 487 3165 dictum
499 3116 534 3164 ab
549 3114 648 3167 ovidio
664 3114 755 3176 (Fast.
769 3111 803 3181 b,
820 3111 871 3173 40)
889 3119 918 3162 et
931 3112 1043 3161 Lucano
1060 3106 1103 3176 (t,
1115 3107 1182 3166 bibl

129 3197 195 3235 esee
213 3184 377 3241 monstravit
394 3184 607 3248 Oudendorpius.
754 3250 768 3293 )

147 3373 215 3436 cap.
227 3372 254 3423 8.
274 3374 301 3434 s.
314 3376 339 3425 1.
373 3360 476 3434 proelio
490 3384 618 3433 superse·
661 3384 714 3420 nus
728 3366 1030 3432 atqueidonenseeset.
1064 3365 1110 3415 sic
1123 3360 1180 3431 l,1

99 3444 177 3503 dere]
201 3443 262 3495 litei
280 3444 398 3505 scriptor
411 3441 475 3492 belli
486 3441 575 3492 Airici
593 3454 618 3490 c.
662 3439 689 3500 S.
712 3443 746 3490 lii
773 3438 844 3489 locis
864 3434 1064 3506 rripidissinn's
1083 3434 1183 3484 dictitat

99 3513 133 3565 lb
146 3511 619 3579 eupasederepuqnaedixinnon
661 3518 705 3558 est
732 3520 781 3569 pro
807 3520 873 3557 curn
896 3509 961 3557 loca
986 3503 1184 3570 rripidissiuea

98 3582 272 3635 dubitandum
293 3583 416 3645 videtur,
446 3581 511 3644 quin
529 3591 619 3644 proe-
661 3579 740 3634 sinit
769 3590 820 3627 nec
846 3577 959 3626 muitum
979 3573 1108 3625 differtmt
1132 3572 1184 3622 iiia

99 3653 136 3702 tio
149 3653 287 3705 ablativus
302 3653 349 3703 sit.
383 3651 619 3701 Constructionem
660 3648 699 3697 ib.
718 3661 742 3696 c.
757 3644 792 3696 ²4
815 3646 873 3706 §.2
893 3648 965 3696 stt:
986 3643 1094 3710 iqautis
1111 3641 1184 3692 locis

99 3722 171 3772 enim
198 3723 302 3785 pariter
329 3733 363 3772 ac
394 3719 620 3784 significationem
661 3714 858 3766 etnotissimis
868 3715 957 3780 tacu,
979 3723 1051 3775 quaa
1064 3711 1127 3774 ipsa
1138 3712 1183 3762 lo-

99 3792 179 3842 ruins
191 3792 271 3841 verbi
284 3803 448 3842 communem
462 3803 523 3840 cnm
534 3789 620 3838 verbo
661 3797 710 3851 co,
727 3798 805 3848 quem
821 3793 894 3835 benet
910 3780 1092 3848 adlaturum,
1117 3792 1184 3842 pro·

98 3861 244 3914 definere
253 3863 359 3911 iecerat
368 3872 444 3924 nans,
458 3871 476 3911 a
488 3857 619 3922 quocun-
661 3855 722 3917 pias
735 3857 867 3905 accedunt
878 3855 913 3904 ad
927 3864 976 3920 ea,
999 3863 1070 3914 quae
1086 3852 1183 3914 aperte

100 3944 148 3983 sar
162 3931 187 3981 si
199 3931 388 3982 discedendum
402 3935 542 3993 putasset,
557 3927 619 3978 eine
661 3924 799 3975 ablativos
817 3925 957 3975 absolutos
974 3921 1089 3988 babent,
1112 3930 1182 3984 qus-

100 4001 276 4066 malignitate
291 3998 473 4049 discessisset.
659 3994 688 4043 ie
709 3993 760 4042 boc
776 3995 821 4045 cei
836 3992 934 4055 capitis
952 3988 1105 4054 sequentis:
1134 4000 1183 4041 st-
1263 3996 1269 4021 ⁸

151 4069 178 4130 S.
192 4073 218 4120 2.
251 4069 314 4121 loco
327 4076 523 4129 -opportuno
537 4067 635 4127 atque.
661 4064 800 4118 wadiare
828 4064 956 4131 equitum
982 4058 1096 4128 mulio
1127 4071 1182 4113 nu·

40 4181 45 4196 .
82 4137 209 4201 idoneo]
232 4142 259 4191 it·
274 4151 298 4189 e.
318 4149 379 4188 anm
399 4139 619 4200 ioensoppbriu-
660 4133 746 4188 urta
