<?xml version="1.0" encoding="UTF-8"?>
<!DOCTYPE html PUBLIC "-//W3C//DTD XHTML 1.0 Transitional//EN"
    "http://www.w3.org/TR/xhtml1/DTD/xhtml1-transitional.dtd">
<html xmlns="http://www.w3.org/1999/xhtml" xml:lang="en" lang="en">
 <head>
  <title>
</title>
<meta http-equiv="Content-Type" content="text/html;charset=utf-8" />
  <meta name='ocr-system' content='tesseract 3.04.00' />
  <meta name='ocr-capabilities' content='ocr_page ocr_carea ocr_par ocr_line ocrx_word'/>
</head>
<body>
  <div class='ocr_page' id='page_1' title='image "./commentariidebe01schngoog_0015.png"; bbox 0 0 2572 4688; ppageno 0'>
   <div class='ocr_carea' id='block_1_1' title="bbox 82 226 799 313">
    <p class='ocr_par' dir='ltr' id='par_1_1' title="bbox 82 226 799 313">
     <span class='ocr_line' id='line_1_1' title="bbox 82 226 799 313; baseline 0.003 -14"><span class='ocrx_word' id='word_1_1' title='bbox 82 253 119 313; x_wconf 70' lang='lat' dir='ltr'>rr</span> <span class='ocrx_word' id='word_1_2' title='bbox 349 304 352 313; x_wconf 24' lang='grc' dir='ltr'>ι</span> <span class='ocrx_word' id='word_1_3' title='bbox 446 226 799 301; x_wconf 75' lang='lat' dir='ltr'>PRAEFATIO.</span> 
     </span>
    </p>
   </div>
   <div class='ocr_carea' id='block_1_2' title="bbox 31 404 1209 4148">
    <p class='ocr_par' dir='ltr' id='par_1_2' title="bbox 31 404 1209 4148">
     <span class='ocr_line' id='line_1_2' title="bbox 84 404 1209 510; baseline 0 -23"><span class='ocrx_word' id='word_1_4' title='bbox 84 417 219 509; x_wconf 78' lang='lat' dir='ltr'>quoties</span> <span class='ocrx_word' id='word_1_5' title='bbox 239 416 366 504; x_wconf 86' lang='lat' dir='ltr'>quietis</span> <span class='ocrx_word' id='word_1_6' title='bbox 384 439 487 487; x_wconf 84' lang='lat' dir='ltr'>nausa</span> <span class='ocrx_word' id='word_1_7' title='bbox 504 404 740 502; x_wconf 83' lang='lat' dir='ltr'>dseumbsrst,</span> <span class='ocrx_word' id='word_1_8' title='bbox 765 415 937 487; x_wconf 85' lang='lat' dir='ltr'>silentium</span> <span class='ocrx_word' id='word_1_9' title='bbox 953 419 1012 508; x_wconf 85' lang='lat' dir='ltr'>qui</span> <span class='ocrx_word' id='word_1_10' title='bbox 1026 419 1177 510; x_wconf 79' lang='lat' dir='ltr'>impera·</span> <span class='ocrx_word' id='word_1_11' title='bbox 1206 474 1209 479; x_wconf 85' lang='lat'><strong>.</strong></span> 
     </span>
     <span class='ocr_line' id='line_1_3' title="bbox 85 519 1177 613; baseline 0 -22"><span class='ocrx_word' id='word_1_12' title='bbox 85 531 159 606; x_wconf 86' lang='lat' dir='ltr'>ret,</span> <span class='ocrx_word' id='word_1_13' title='bbox 180 521 345 591; x_wconf 81' lang='lat' dir='ltr'>mitteret.</span> <span class='ocrx_word' id='word_1_14' title='bbox 386 519 461 590; x_wconf 83' lang='lat' dir='ltr'>Neo</span> <span class='ocrx_word' id='word_1_15' title='bbox 476 529 645 612; x_wconf 61' lang='lat' dir='ltr'>umquem</span> <span class='ocrx_word' id='word_1_16' title='bbox 660 521 818 591; x_wconf 76' lang='lat' dir='ltr'>custodes</span> <span class='ocrx_word' id='word_1_17' title='bbox 830 544 890 591; x_wconf 90' lang='lat' dir='ltr'>sos</span> <span class='ocrx_word' id='word_1_18' title='bbox 903 545 965 613; x_wconf 90' lang='lat' dir='ltr'>per</span> <span class='ocrx_word' id='word_1_19' title='bbox 979 521 1177 612; x_wconf 86' lang='lat' dir='ltr'>duodequa-</span> 
     </span>
     <span class='ocr_line' id='line_1_4' title="bbox 87 624 1178 717; baseline -0.001 -22"><span class='ocrx_word' id='word_1_20' title='bbox 87 624 245 712; x_wconf 74' lang='lat' dir='ltr'>draginta</span> <span class='ocrx_word' id='word_1_21' title='bbox 264 625 365 710; x_wconf 82' lang='lat' dir='ltr'>dies,</span> <span class='ocrx_word' id='word_1_22' title='bbox 387 625 449 694; x_wconf 88' lang='lat' dir='ltr'>sed</span> <span class='ocrx_word' id='word_1_23' title='bbox 470 634 641 717; x_wconf 83' lang='lat' dir='ltr'>tamquam</span> <span class='ocrx_word' id='word_1_24' title='bbox 664 629 838 697; x_wconf 87' lang='lat' dir='ltr'>ministros</span> <span class='ocrx_word' id='word_1_25' title='bbox 858 626 986 693; x_wconf 87' lang='lat' dir='ltr'>habens</span> <span class='ocrx_word' id='word_1_26' title='bbox 1007 627 1081 693; x_wconf 88' lang='lat' dir='ltr'>sine</span> <span class='ocrx_word' id='word_1_27' title='bbox 1100 629 1178 694; x_wconf 91' lang='lat' dir='ltr'>ullo</span> 
     </span>
     <span class='ocr_line' id='line_1_5' title="bbox 87 717 1180 820; baseline 0.005 -23"><span class='ocrx_word' id='word_1_28' title='bbox 87 736 181 797; x_wconf 87' lang='lat' dir='ltr'>metu</span> <span class='ocrx_word' id='word_1_29' title='bbox 202 750 278 796; x_wconf 91' lang='lat' dir='ltr'>eum</span> <span class='ocrx_word' id='word_1_30' title='bbox 300 730 342 797; x_wconf 88' lang='lat' dir='ltr'>iis</span> <span class='ocrx_word' id='word_1_31' title='bbox 365 730 506 801; x_wconf 80' lang='lat' dir='ltr'>ludebat</span> <span class='ocrx_word' id='word_1_32' title='bbox 527 739 563 800; x_wconf 90' lang='lat' dir='ltr'>et</span> <span class='ocrx_word' id='word_1_33' title='bbox 578 717 701 820; x_wconf 79' lang='lat' dir='ltr'>eorpus</span> <span class='ocrx_word' id='word_1_34' title='bbox 714 732 941 813; x_wconf 85' lang='lat' dir='ltr'>exereitabat,</span> <span class='ocrx_word' id='word_1_35' title='bbox 967 738 1124 820; x_wconf 86' lang='lat' dir='ltr'>poemata</span> <span class='ocrx_word' id='word_1_36' title='bbox 1141 741 1180 802; x_wconf 81' lang='lat' dir='ltr'>et</span> 
     </span>
     <span class='ocr_line' id='line_1_6' title="bbox 89 831 1179 920; baseline 0.003 -21"><span class='ocrx_word' id='word_1_37' title='bbox 89 831 176 913; x_wconf 82' lang='lat' dir='ltr'>alia,</span> <span class='ocrx_word' id='word_1_38' title='bbox 206 853 293 920; x_wconf 84' lang='lat' dir='ltr'>ques</span> <span class='ocrx_word' id='word_1_39' title='bbox 311 835 501 918; x_wconf 75' lang='lat' dir='ltr'>scribebat,</span> <span class='ocrx_word' id='word_1_40' title='bbox 528 836 696 903; x_wconf 71' lang='lat' dir='ltr'><strong>recitabat</strong></span> <span class='ocrx_word' id='word_1_41' title='bbox 713 845 748 905; x_wconf 90' lang='lat' dir='ltr'>et</span> <span class='ocrx_word' id='word_1_42' title='bbox 765 837 798 906; x_wconf 91' lang='lat' dir='ltr'>si</span> <span class='ocrx_word' id='word_1_43' title='bbox 822 859 888 904; x_wconf 90' lang='lat' dir='ltr'>non</span> <span class='ocrx_word' id='word_1_44' title='bbox 913 833 1179 918; x_wconf 77' lang='lat' dir='ltr'>admirarentur,</span> 
     </span>
     <span class='ocr_line' id='line_1_7' title="bbox 88 935 1180 1030; baseline 0.001 -25"><span class='ocrx_word' id='word_1_45' title='bbox 88 936 164 1005; x_wconf 83' lang='lat' dir='ltr'>sine</span> <span class='ocrx_word' id='word_1_46' title='bbox 185 935 287 1003; x_wconf 85' lang='lat' dir='ltr'>dubio</span> <span class='ocrx_word' id='word_1_47' title='bbox 309 935 462 1005; x_wconf 90' lang='lat' dir='ltr'>indootos</span> <span class='ocrx_word' id='word_1_48' title='bbox 484 945 520 1006; x_wconf 85' lang='lat' dir='ltr'>at</span> <span class='ocrx_word' id='word_1_49' title='bbox 540 941 703 1008; x_wconf 84' lang='lat' dir='ltr'>barbaros</span> <span class='ocrx_word' id='word_1_50' title='bbox 726 940 920 1030; x_wconf 84' lang='lat' dir='ltr'>appellabat</span> <span class='ocrx_word' id='word_1_51' title='bbox 936 947 972 1005; x_wconf 89' lang='lat' dir='ltr'>et</span> <span class='ocrx_word' id='word_1_52' title='bbox 991 961 1053 1028; x_wconf 90' lang='lat' dir='ltr'>per</span> <span class='ocrx_word' id='word_1_53' title='bbox 1069 941 1180 1007; x_wconf 87' lang='lat' dir='ltr'>risum</span> 
     </span>
     <span class='ocr_line' id='line_1_8' title="bbox 91 1037 1180 1132; baseline -0.002 -21"><span class='ocrx_word' id='word_1_54' title='bbox 91 1062 192 1128; x_wconf 81' lang='lat' dir='ltr'>saepe</span> <span class='ocrx_word' id='word_1_55' title='bbox 213 1037 431 1130; x_wconf 76' lang='lat' dir='ltr'>suspendium</span> <span class='ocrx_word' id='word_1_56' title='bbox 454 1043 505 1109; x_wconf 87' lang='lat' dir='ltr'>eis</span> <span class='ocrx_word' id='word_1_57' title='bbox 525 1044 729 1115; x_wconf 86' lang='lat' dir='ltr'>minabatur.</span> <span class='ocrx_word' id='word_1_58' title='bbox 774 1044 852 1132; x_wconf 78' lang='lat' dir='ltr'>Qua</span> <span class='ocrx_word' id='word_1_59' title='bbox 869 1042 923 1110; x_wconf 90' lang='lat' dir='ltr'>illi</span> <span class='ocrx_word' id='word_1_60' title='bbox 942 1043 1118 1110; x_wconf 86' lang='lat' dir='ltr'>verborum</span> <span class='ocrx_word' id='word_1_61' title='bbox 1136 1044 1180 1109; x_wconf 90' lang='lat' dir='ltr'>li-</span> 
     </span>
     <span class='ocr_line' id='line_1_9' title="bbox 90 1143 1182 1238; baseline 0.001 -27"><span class='ocrx_word' id='word_1_62' title='bbox 90 1143 201 1211; x_wconf 76' lang='lat' dir='ltr'>eentia</span> <span class='ocrx_word' id='word_1_63' title='bbox 222 1149 264 1209; x_wconf 92' lang='lat' dir='ltr'>nt</span> <span class='ocrx_word' id='word_1_64' title='bbox 282 1166 303 1209; x_wconf 88' lang='lat' dir='ltr'>a</span> <span class='ocrx_word' id='word_1_65' title='bbox 323 1144 542 1233; x_wconf 81' lang='lat' dir='ltr'>simplieitste</span> <span class='ocrx_word' id='word_1_66' title='bbox 562 1145 707 1235; x_wconf 90' lang='lat' dir='ltr'>quadam</span> <span class='ocrx_word' id='word_1_67' title='bbox 725 1148 840 1238; x_wconf 90' lang='lat' dir='ltr'>lepida</span> <span class='ocrx_word' id='word_1_68' title='bbox 863 1147 1097 1236; x_wconf 84' lang='lat' dir='ltr'>proficiscente</span> <span class='ocrx_word' id='word_1_69' title='bbox 1119 1145 1182 1213; x_wconf 88' lang='lat' dir='ltr'>de-</span> 
     </span>
     <span class='ocr_line' id='line_1_10' title="bbox 91 1245 1183 1341; baseline 0.002 -27"><span class='ocrx_word' id='word_1_70' title='bbox 91 1245 319 1316; x_wconf 78' lang='lat' dir='ltr'>testabantur.</span> <span class='ocrx_word' id='word_1_71' title='bbox 358 1247 480 1316; x_wconf 82' lang='lat' dir='ltr'>Allata</span> <span class='ocrx_word' id='word_1_72' title='bbox 494 1271 574 1318; x_wconf 85' lang='lat' dir='ltr'>vero</span> <span class='ocrx_word' id='word_1_73' title='bbox 587 1251 706 1320; x_wconf 87' lang='lat' dir='ltr'>Mileto</span> <span class='ocrx_word' id='word_1_74' title='bbox 722 1250 857 1341; x_wconf 89' lang='lat' dir='ltr'>publiea</span> <span class='ocrx_word' id='word_1_75' title='bbox 870 1249 1055 1317; x_wconf 83' lang='lat' dir='ltr'>eivitatium</span> <span class='ocrx_word' id='word_1_76' title='bbox 1078 1273 1183 1339; x_wconf 86' lang='lat' dir='ltr'>peen-</span> 
     </span>
     <span class='ocr_line' id='line_1_11' title="bbox 92 1351 1182 1441; baseline 0.003 -23"><span class='ocrx_word' id='word_1_77' title='bbox 92 1351 150 1418; x_wconf 85' lang='lat' dir='ltr'>nia</span> <span class='ocrx_word' id='word_1_78' title='bbox 169 1359 429 1440; x_wconf 86' lang='lat' dir='ltr'>numerataque,</span> <span class='ocrx_word' id='word_1_79' title='bbox 459 1352 508 1419; x_wconf 87' lang='lat' dir='ltr'>its</span> <span class='ocrx_word' id='word_1_80' title='bbox 531 1361 661 1435; x_wconf 64' lang='lat' dir='ltr'>tamem</span> <span class='ocrx_word' id='word_1_81' title='bbox 691 1362 732 1421; x_wconf 91' lang='lat' dir='ltr'>ut</span> <span class='ocrx_word' id='word_1_82' title='bbox 751 1361 887 1441; x_wconf 77' lang='lat' dir='ltr'>eogerst</span> <span class='ocrx_word' id='word_1_83' title='bbox 907 1360 984 1420; x_wconf 88' lang='lat' dir='ltr'>ente</span> <span class='ocrx_word' id='word_1_84' title='bbox 1002 1352 1140 1421; x_wconf 86' lang='lat' dir='ltr'>obsides</span> <span class='ocrx_word' id='word_1_85' title='bbox 1161 1377 1182 1421; x_wconf 88' lang='lat' dir='ltr'>a</span> 
     </span>
     <span class='ocr_line' id='line_1_12' title="bbox 95 1453 1183 1545; baseline 0.003 -25"><span class='ocrx_word' id='word_1_86' title='bbox 95 1453 220 1544; x_wconf 88' lang='lat' dir='ltr'>piratis</span> <span class='ocrx_word' id='word_1_87' title='bbox 242 1455 440 1524; x_wconf 85' lang='lat' dir='ltr'>eivitatibus</span> <span class='ocrx_word' id='word_1_88' title='bbox 464 1456 559 1540; x_wconf 88' lang='lat' dir='ltr'>dari,</span> <span class='ocrx_word' id='word_1_89' title='bbox 597 1457 759 1527; x_wconf 88' lang='lat' dir='ltr'>dimissus</span> <span class='ocrx_word' id='word_1_90' title='bbox 783 1479 850 1524; x_wconf 93' lang='lat' dir='ltr'>non</span> <span class='ocrx_word' id='word_1_91' title='bbox 871 1456 1026 1538; x_wconf 80' lang='lat' dir='ltr'>distulit,</span> <span class='ocrx_word' id='word_1_92' title='bbox 1057 1458 1141 1545; x_wconf 87' lang='lat' dir='ltr'>quin</span> <span class='ocrx_word' id='word_1_93' title='bbox 1162 1480 1183 1523; x_wconf 89' lang='lat' dir='ltr'>e</span> 
     </span>
     <span class='ocr_line' id='line_1_13' title="bbox 95 1544 1185 1651; baseline -0.001 -23"><span class='ocrx_word' id='word_1_94' title='bbox 95 1544 238 1645; x_wconf 77' lang='lat' dir='ltr'>vestigio</span> <span class='ocrx_word' id='word_1_95' title='bbox 256 1567 429 1627; x_wconf 81' lang='lat' dir='ltr'>eontracta</span> <span class='ocrx_word' id='word_1_96' title='bbox 448 1560 559 1628; x_wconf 84' lang='lat' dir='ltr'>elassa</span> <span class='ocrx_word' id='word_1_97' title='bbox 577 1567 614 1628; x_wconf 89' lang='lat' dir='ltr'>et</span> <span class='ocrx_word' id='word_1_98' title='bbox 635 1583 676 1627; x_wconf 85' lang='lat' dir='ltr'>ex</span> <span class='ocrx_word' id='word_1_99' title='bbox 695 1560 905 1629; x_wconf 86' lang='lat' dir='ltr'>Milesiorum</span> <span class='ocrx_word' id='word_1_100' title='bbox 917 1568 1021 1651; x_wconf 86' lang='lat' dir='ltr'>portu</span> <span class='ocrx_word' id='word_1_101' title='bbox 1036 1558 1185 1627; x_wconf 81' lang='lat' dir='ltr'>deduets</span> 
     </span>
     <span class='ocr_line' id='line_1_14' title="bbox 95 1662 1183 1755; baseline 0.001 -26"><span class='ocrx_word' id='word_1_102' title='bbox 95 1683 154 1729; x_wconf 86' lang='lat' dir='ltr'>eos</span> <span class='ocrx_word' id='word_1_103' title='bbox 174 1671 435 1752; x_wconf 86' lang='lat' dir='ltr'>persequeretur</span> <span class='ocrx_word' id='word_1_104' title='bbox 454 1663 746 1755; x_wconf 83' lang='lat' dir='ltr'>deprehensosque</span> <span class='ocrx_word' id='word_1_105' title='bbox 766 1664 801 1733; x_wconf 92' lang='lat' dir='ltr'>in</span> <span class='ocrx_word' id='word_1_106' title='bbox 818 1665 968 1732; x_wconf 88' lang='lat' dir='ltr'>statione</span> <span class='ocrx_word' id='word_1_107' title='bbox 981 1662 1072 1753; x_wconf 88' lang='lat' dir='ltr'>opud</span> <span class='ocrx_word' id='word_1_108' title='bbox 1087 1663 1183 1730; x_wconf 88' lang='lat' dir='ltr'>insu-</span> 
     </span>
     <span class='ocr_line' id='line_1_15' title="bbox 95 1765 1185 1858; baseline 0 -23"><span class='ocrx_word' id='word_1_109' title='bbox 95 1765 164 1835; x_wconf 77' lang='lat' dir='ltr'>lam</span> <span class='ocrx_word' id='word_1_110' title='bbox 180 1768 360 1855; x_wconf 87' lang='lat' dir='ltr'>plerosque</span> <span class='ocrx_word' id='word_1_111' title='bbox 372 1769 407 1835; x_wconf 92' lang='lat' dir='ltr'>in</span> <span class='ocrx_word' id='word_1_112' title='bbox 422 1776 625 1858; x_wconf 84' lang='lat' dir='ltr'>potestatem</span> <span class='ocrx_word' id='word_1_113' title='bbox 639 1769 821 1857; x_wconf 80' lang='lat' dir='ltr'>redigeret.</span> <span class='ocrx_word' id='word_1_114' title='bbox 854 1767 902 1836; x_wconf 85' lang='lat' dir='ltr'>Et</span> <span class='ocrx_word' id='word_1_115' title='bbox 915 1770 1088 1858; x_wconf 79' lang='lat' dir='ltr'>pecuniam</span> <span class='ocrx_word' id='word_1_116' title='bbox 1106 1771 1185 1856; x_wconf 87' lang='lat' dir='ltr'>qui-</span> 
     </span>
     <span class='ocr_line' id='line_1_16' title="bbox 97 1867 1183 1964; baseline 0.002 -28"><span class='ocrx_word' id='word_1_117' title='bbox 97 1867 174 1937; x_wconf 89' lang='lat' dir='ltr'>dem</span> <span class='ocrx_word' id='word_1_118' title='bbox 202 1879 335 1960; x_wconf 80' lang='lat' dir='ltr'>raptem</span> <span class='ocrx_word' id='word_1_119' title='bbox 360 1872 506 1961; x_wconf 78' lang='lat' dir='ltr'>praedas</span> <span class='ocrx_word' id='word_1_120' title='bbox 532 1875 608 1940; x_wconf 87' lang='lat' dir='ltr'>loeo</span> <span class='ocrx_word' id='word_1_121' title='bbox 638 1873 776 1958; x_wconf 86' lang='lat' dir='ltr'>habuit,</span> <span class='ocrx_word' id='word_1_122' title='bbox 811 1873 1038 1964; x_wconf 84' lang='lat' dir='ltr'>praedonibus</span> <span class='ocrx_word' id='word_1_123' title='bbox 1069 1881 1183 1939; x_wconf 90' lang='lat' dir='ltr'>autem</span> 
     </span>
     <span class='ocr_line' id='line_1_17' title="bbox 97 1967 1186 2066; baseline 0.003 -27"><span class='ocrx_word' id='word_1_124' title='bbox 97 1967 257 2058; x_wconf 75' lang='lat' dir='ltr'>Pergami</span> <span class='ocrx_word' id='word_1_125' title='bbox 279 1975 454 2043; x_wconf 74' lang='lat' dir='ltr'>&#39;eustodiae</span> <span class='ocrx_word' id='word_1_126' title='bbox 474 1975 643 2043; x_wconf 87' lang='lat' dir='ltr'>mandatis</span> <span class='ocrx_word' id='word_1_127' title='bbox 666 1976 740 2064; x_wconf 86' lang='lat' dir='ltr'>ipse</span> <span class='ocrx_word' id='word_1_128' title='bbox 761 1978 798 2044; x_wconf 91' lang='lat' dir='ltr'>in</span> <span class='ocrx_word' id='word_1_129' title='bbox 816 1975 1011 2066; x_wconf 84' lang='lat' dir='ltr'>Bithyniam</span> <span class='ocrx_word' id='word_1_130' title='bbox 1032 1978 1186 2064; x_wconf 83' lang='lat' dir='ltr'>perrexit</span> 
     </span>
     <span class='ocr_line' id='line_1_18' title="bbox 97 2073 1186 2168; baseline 0.004 -25"><span class='ocrx_word' id='word_1_131' title='bbox 97 2073 143 2143; x_wconf 84' lang='lat' dir='ltr'>sd</span> <span class='ocrx_word' id='word_1_132' title='bbox 169 2080 401 2164; x_wconf 90' lang='lat' dir='ltr'>prooonsulem</span> <span class='ocrx_word' id='word_1_133' title='bbox 428 2081 539 2148; x_wconf 85' lang='lat' dir='ltr'>Asiae</span> <span class='ocrx_word' id='word_1_134' title='bbox 565 2079 699 2148; x_wconf 89' lang='lat' dir='ltr'>Iunium</span> <span class='ocrx_word' id='word_1_135' title='bbox 722 2086 859 2168; x_wconf 86' lang='lat' dir='ltr'>petens,</span> <span class='ocrx_word' id='word_1_136' title='bbox 886 2087 927 2147; x_wconf 86' lang='lat' dir='ltr'>ut</span> <span class='ocrx_word' id='word_1_137' title='bbox 946 2087 1064 2146; x_wconf 91' lang='lat' dir='ltr'>auetor</span> <span class='ocrx_word' id='word_1_138' title='bbox 1084 2079 1186 2147; x_wconf 85' lang='lat' dir='ltr'>fieret</span> 
     </span>
     <span class='ocr_line' id='line_1_19' title="bbox 96 2179 1185 2275; baseline 0.001 -26"><span class='ocrx_word' id='word_1_139' title='bbox 96 2179 252 2249; x_wconf 79' lang='lat' dir='ltr'>sumendi</span> <span class='ocrx_word' id='word_1_140' title='bbox 268 2180 309 2247; x_wconf 90' lang='lat' dir='ltr'>ds</span> <span class='ocrx_word' id='word_1_141' title='bbox 322 2183 466 2273; x_wconf 85' lang='lat' dir='ltr'>eaptivis</span> <span class='ocrx_word' id='word_1_142' title='bbox 483 2183 654 2275; x_wconf 82' lang='lat' dir='ltr'>supplieii.</span> <span class='ocrx_word' id='word_1_143' title='bbox 685 2180 786 2272; x_wconf 80' lang='lat' dir='ltr'>Quod</span> <span class='ocrx_word' id='word_1_144' title='bbox 799 2203 874 2249; x_wconf 91' lang='lat' dir='ltr'>oum</span> <span class='ocrx_word' id='word_1_145' title='bbox 890 2185 949 2251; x_wconf 88' lang='lat' dir='ltr'>ills</span> <span class='ocrx_word' id='word_1_146' title='bbox 963 2206 1000 2251; x_wconf 92' lang='lat' dir='ltr'>ss</span> <span class='ocrx_word' id='word_1_147' title='bbox 1013 2184 1185 2250; x_wconf 78' lang='lat' dir='ltr'>iacturum</span> 
     </span>
     <span class='ocr_line' id='line_1_20' title="bbox 96 2272 1186 2377; baseline 0.003 -26"><span class='ocrx_word' id='word_1_148' title='bbox 96 2291 257 2371; x_wconf 76' lang='lat' dir='ltr'>negasset</span> <span class='ocrx_word' id='word_1_149' title='bbox 269 2286 549 2377; x_wconf 82' lang='lat' dir='ltr'>venditoremque</span> <span class='ocrx_word' id='word_1_150' title='bbox 562 2287 713 2377; x_wconf 87' lang='lat' dir='ltr'>raptivos</span> <span class='ocrx_word' id='word_1_151' title='bbox 727 2272 889 2370; x_wconf 83' lang='lat' dir='ltr'>dixisset,</span> <span class='ocrx_word' id='word_1_152' title='bbox 915 2286 1106 2355; x_wconf 89' lang='lat' dir='ltr'>inorsdibili</span> <span class='ocrx_word' id='word_1_153' title='bbox 1130 2311 1186 2354; x_wconf 87' lang='lat' dir='ltr'>ee-</span> 
     </span>
     <span class='ocr_line' id='line_1_21' title="bbox 98 2388 1186 2482; baseline 0.003 -26"><span class='ocrx_word' id='word_1_154' title='bbox 98 2388 235 2457; x_wconf 86' lang='lat' dir='ltr'>leritate</span> <span class='ocrx_word' id='word_1_155' title='bbox 248 2399 403 2457; x_wconf 88' lang='lat' dir='ltr'>reveetus</span> <span class='ocrx_word' id='word_1_156' title='bbox 417 2390 637 2479; x_wconf 80' lang='lat' dir='ltr'>Pergamum,</span> <span class='ocrx_word' id='word_1_157' title='bbox 657 2390 856 2480; x_wconf 81' lang='lat' dir='ltr'>priusquam</span> <span class='ocrx_word' id='word_1_158' title='bbox 873 2388 915 2456; x_wconf 88' lang='lat' dir='ltr'>de</span> <span class='ocrx_word' id='word_1_159' title='bbox 926 2413 965 2458; x_wconf 87' lang='lat' dir='ltr'>ee</span> <span class='ocrx_word' id='word_1_160' title='bbox 977 2414 1016 2459; x_wconf 89' lang='lat' dir='ltr'>re</span> <span class='ocrx_word' id='word_1_161' title='bbox 1029 2394 1091 2459; x_wconf 91' lang='lat' dir='ltr'>ulli</span> <span class='ocrx_word' id='word_1_162' title='bbox 1105 2415 1186 2482; x_wconf 89' lang='lat' dir='ltr'>pro-</span> 
     </span>
     <span class='ocr_line' id='line_1_22' title="bbox 98 2493 1186 2586; baseline 0.002 -26"><span class='ocrx_word' id='word_1_163' title='bbox 98 2494 248 2560; x_wconf 87' lang='lat' dir='ltr'>oonsulis</span> <span class='ocrx_word' id='word_1_164' title='bbox 266 2493 468 2563; x_wconf 90' lang='lat' dir='ltr'>redderetur</span> <span class='ocrx_word' id='word_1_165' title='bbox 481 2495 644 2586; x_wconf 88' lang='lat' dir='ltr'>epistola,</span> <span class='ocrx_word' id='word_1_166' title='bbox 665 2516 780 2562; x_wconf 93' lang='lat' dir='ltr'>omnes</span> <span class='ocrx_word' id='word_1_167' title='bbox 794 2493 923 2561; x_wconf 84' lang='lat' dir='ltr'>suffixit</span> <span class='ocrx_word' id='word_1_168' title='bbox 938 2496 1048 2579; x_wconf 74' lang='lat' dir='ltr'>eruci,</span> <span class='ocrx_word' id='word_1_169' title='bbox 1069 2519 1186 2585; x_wconf 88' lang='lat' dir='ltr'>quem-</span> 
     </span>
     <span class='ocr_line' id='line_1_23' title="bbox 98 2593 1188 2688; baseline 0.003 -24"><span class='ocrx_word' id='word_1_170' title='bbox 98 2593 279 2664; x_wconf 77' lang='lat' dir='ltr'>admodum</span> <span class='ocrx_word' id='word_1_171' title='bbox 299 2599 372 2666; x_wconf 85' lang='lat' dir='ltr'>iliis</span> <span class='ocrx_word' id='word_1_172' title='bbox 395 2621 497 2688; x_wconf 84' lang='lat' dir='ltr'>saepe</span> <span class='ocrx_word' id='word_1_173' title='bbox 517 2603 663 2667; x_wconf 85' lang='lat' dir='ltr'>minatus</span> <span class='ocrx_word' id='word_1_174' title='bbox 684 2598 901 2666; x_wconf 85' lang='lat' dir='ltr'>interiorum</span> <span class='ocrx_word' id='word_1_175' title='bbox 922 2599 1047 2668; x_wconf 83' lang='lat' dir='ltr'>fuerat.</span> <span class='ocrx_word' id='word_1_176' title='bbox 1098 2598 1188 2667; x_wconf 90' lang='lat' dir='ltr'>Sunt</span> 
     </span>
     <span class='ocr_line' id='line_1_24' title="bbox 99 2680 1187 2793; baseline -0.001 -25"><span class='ocrx_word' id='word_1_177' title='bbox 99 2702 160 2790; x_wconf 77' lang='lat' dir='ltr'>qui</span> <span class='ocrx_word' id='word_1_178' title='bbox 173 2698 287 2770; x_wconf 81' lang='lat' dir='ltr'>dicant</span> <span class='ocrx_word' id='word_1_179' title='bbox 301 2703 449 2790; x_wconf 78' lang='lat' dir='ltr'>iugulari</span> <span class='ocrx_word' id='word_1_180' title='bbox 462 2725 520 2770; x_wconf 91' lang='lat' dir='ltr'>eos</span> <span class='ocrx_word' id='word_1_181' title='bbox 534 2705 641 2793; x_wconf 86' lang='lat' dir='ltr'>prius,</span> <span class='ocrx_word' id='word_1_182' title='bbox 662 2699 784 2769; x_wconf 89' lang='lat' dir='ltr'>deinde</span> <span class='ocrx_word' id='word_1_183' title='bbox 796 2702 913 2788; x_wconf 76' lang='lat' dir='ltr'>suffigi</span> <span class='ocrx_word' id='word_1_184' title='bbox 925 2702 1079 2784; x_wconf 85' lang='lat' dir='ltr'>iussisse,</span> <span class='ocrx_word' id='word_1_185' title='bbox 1102 2680 1187 2789; x_wconf 59' lang='lat' dir='ltr'>{puo-</span> 
     </span>
     <span class='ocr_line' id='line_1_25' title="bbox 100 2804 1187 2893; baseline -0.004 -19"><span class='ocrx_word' id='word_1_186' title='bbox 100 2806 190 2874; x_wconf 82' lang='lat' dir='ltr'>nism</span> <span class='ocrx_word' id='word_1_187' title='bbox 212 2808 412 2876; x_wconf 80' lang='lat' dir='ltr'>suffixurum</span> <span class='ocrx_word' id='word_1_188' title='bbox 434 2829 473 2875; x_wconf 89' lang='lat' dir='ltr'>se</span> <span class='ocrx_word' id='word_1_189' title='bbox 495 2808 588 2874; x_wconf 87' lang='lat' dir='ltr'>eruei</span> <span class='ocrx_word' id='word_1_190' title='bbox 609 2814 708 2872; x_wconf 86' lang='lat' dir='ltr'>antse</span> <span class='ocrx_word' id='word_1_191' title='bbox 733 2804 934 2887; x_wconf 87' lang='lat' dir='ltr'>iuravisset,</span> <span class='ocrx_word' id='word_1_192' title='bbox 959 2805 1061 2893; x_wconf 90' lang='lat' dir='ltr'>idque</span> <span class='ocrx_word' id='word_1_193' title='bbox 1086 2828 1187 2892; x_wconf 83' lang='lat' dir='ltr'>argu-</span> 
     </span>
     <span class='ocr_line' id='line_1_26' title="bbox 102 2902 1189 2982; baseline -0.002 -3"><span class='ocrx_word' id='word_1_194' title='bbox 102 2913 206 2980; x_wconf 89' lang='lat' dir='ltr'>menti</span> <span class='ocrx_word' id='word_1_195' title='bbox 224 2922 361 2980; x_wconf 91' lang='lat' dir='ltr'>sumunt</span> <span class='ocrx_word' id='word_1_196' title='bbox 383 2902 459 2980; x_wconf 82' lang='lat' dir='ltr'>loeo</span> <span class='ocrx_word' id='word_1_197' title='bbox 478 2910 657 2982; x_wconf 85' lang='lat' dir='ltr'>Gaesarem</span> <span class='ocrx_word' id='word_1_198' title='bbox 680 2910 716 2976; x_wconf 89' lang='lat' dir='ltr'>in</span> <span class='ocrx_word' id='word_1_199' title='bbox 737 2907 931 2977; x_wconf 77' lang='lat' dir='ltr'>ulciscendo</span> <span class='ocrx_word' id='word_1_200' title='bbox 947 2919 1067 2976; x_wconf 84' lang='lat' dir='ltr'>natura</span> <span class='ocrx_word' id='word_1_201' title='bbox 1082 2911 1189 2978; x_wconf 88' lang='lat' dir='ltr'>lonis-</span> 
     </span>
     <span class='ocr_line' id='line_1_27' title="bbox 86 3011 1189 3106; baseline -0.007 -19"><span class='ocrx_word' id='word_1_202' title='bbox 86 3018 222 3087; x_wconf 83' lang='lat' dir='ltr'>·simum</span> <span class='ocrx_word' id='word_1_203' title='bbox 242 3016 359 3084; x_wconf 83' lang='lat' dir='ltr'>tuisse.</span> <span class='ocrx_word' id='word_1_204' title='bbox 401 3013 503 3106; x_wconf 79' lang='lat' dir='ltr'>Quod</span> <span class='ocrx_word' id='word_1_205' title='bbox 523 3016 620 3084; x_wconf 86' lang='lat' dir='ltr'>nobis</span> <span class='ocrx_word' id='word_1_206' title='bbox 641 3011 777 3103; x_wconf 89' lang='lat' dir='ltr'>quidem</span> <span class='ocrx_word' id='word_1_207' title='bbox 791 3036 857 3081; x_wconf 89' lang='lat' dir='ltr'>non</span> <span class='ocrx_word' id='word_1_208' title='bbox 871 3013 992 3081; x_wconf 87' lang='lat' dir='ltr'>maiori</span> <span class='ocrx_word' id='word_1_209' title='bbox 1006 3015 1117 3085; x_wconf 86' lang='lat' dir='ltr'>faeere</span> <span class='ocrx_word' id='word_1_210' title='bbox 1132 3038 1189 3080; x_wconf 87' lang='lat' dir='ltr'>ra-</span> 
     </span>
     <span class='ocr_line' id='line_1_28' title="bbox 101 3117 1188 3209; baseline -0.006 -19"><span class='ocrx_word' id='word_1_211' title='bbox 101 3120 193 3190; x_wconf 90' lang='lat' dir='ltr'>tions</span> <span class='ocrx_word' id='word_1_212' title='bbox 222 3117 394 3201; x_wconf 86' lang='lat' dir='ltr'>videntur,</span> <span class='ocrx_word' id='word_1_213' title='bbox 428 3141 527 3209; x_wconf 86' lang='lat' dir='ltr'>quem</span> <span class='ocrx_word' id='word_1_214' title='bbox 551 3141 627 3186; x_wconf 88' lang='lat' dir='ltr'>eum</span> <span class='ocrx_word' id='word_1_215' title='bbox 648 3117 737 3186; x_wconf 91' lang='lat' dir='ltr'>idem</span> <span class='ocrx_word' id='word_1_216' title='bbox 757 3139 798 3185; x_wconf 85' lang='lat' dir='ltr'>ex</span> <span class='ocrx_word' id='word_1_217' title='bbox 818 3139 858 3185; x_wconf 94' lang='lat' dir='ltr'>so</span> <span class='ocrx_word' id='word_1_218' title='bbox 884 3120 1066 3207; x_wconf 75' lang='lat' dir='ltr'>eolligunt,</span> <span class='ocrx_word' id='word_1_219' title='bbox 1096 3117 1188 3205; x_wconf 91' lang='lat' dir='ltr'>quod</span> 
     </span>
     <span class='ocr_line' id='line_1_29' title="bbox 101 3219 1188 3311; baseline -0.005 -19"><span class='ocrx_word' id='word_1_220' title='bbox 101 3223 262 3299; x_wconf 72' lang='lat' dir='ltr'>Cornelio</span> <span class='ocrx_word' id='word_1_221' title='bbox 286 3221 470 3309; x_wconf 81' lang='lat' dir='ltr'>Phagitae,</span> <span class='ocrx_word' id='word_1_222' title='bbox 499 3222 542 3291; x_wconf 92' lang='lat' dir='ltr'>ds</span> <span class='ocrx_word' id='word_1_223' title='bbox 563 3244 630 3311; x_wconf 89' lang='lat' dir='ltr'>quo</span> <span class='ocrx_word' id='word_1_224' title='bbox 653 3228 756 3311; x_wconf 83' lang='lat' dir='ltr'>supra</span> <span class='ocrx_word' id='word_1_225' title='bbox 777 3219 992 3304; x_wconf 78' lang='lat' dir='ltr'>dictumest,</span> <span class='ocrx_word' id='word_1_226' title='bbox 1017 3244 1188 3309; x_wconf 90' lang='lat' dir='ltr'>nunquam</span> 
     </span>
     <span class='ocr_line' id='line_1_30' title="bbox 102 3323 1189 3439; baseline -0.007 -40"><span class='ocrx_word' id='word_1_227' title='bbox 102 3351 224 3399; x_wconf 83' lang='lat' dir='ltr'>nouere</span> <span class='ocrx_word' id='word_1_228' title='bbox 236 3327 448 3396; x_wconf 87' lang='lat' dir='ltr'>sustinuerit.</span> <span class='ocrx_word' id='word_1_229' title='bbox 490 3326 565 3396; x_wconf 84' lang='lat' dir='ltr'>Ner</span> <span class='ocrx_word' id='word_1_230' title='bbox 578 3349 644 3394; x_wconf 84' lang='lat' dir='ltr'>non</span> <span class='ocrx_word' id='word_1_231' title='bbox 657 3325 774 3395; x_wconf 87' lang='lat' dir='ltr'>mirari</span> <span class='ocrx_word' id='word_1_232' title='bbox 786 3348 967 3439; x_wconf 67' lang='lat' dir='ltr'>possupsus</span> <span class='ocrx_word' id='word_1_233' title='bbox 979 3326 1106 3395; x_wconf 85' lang='lat' dir='ltr'>Velleii</span> <span class='ocrx_word' id='word_1_234' title='bbox 1122 3323 1189 3392; x_wconf 87' lang='lat' dir='ltr'>Pa-</span> 
     </span>
     <span class='ocr_line' id='line_1_31' title="bbox 34 3429 1189 3520; baseline -0.005 -17"><span class='ocrx_word' id='word_1_235' title='bbox 34 3504 37 3512; x_wconf 65' lang='lat'>,</span> <span class='ocrx_word' id='word_1_236' title='bbox 104 3433 226 3502; x_wconf 63' lang='lat' dir='ltr'>ursuli</span> <span class='ocrx_word' id='word_1_237' title='bbox 246 3431 427 3513; x_wconf 89' lang='lat' dir='ltr'>iudioium,</span> <span class='ocrx_word' id='word_1_238' title='bbox 456 3432 516 3520; x_wconf 91' lang='lat' dir='ltr'>qui</span> <span class='ocrx_word' id='word_1_239' title='bbox 535 3432 597 3498; x_wconf 87' lang='lat' dir='ltr'>hoe</span> <span class='ocrx_word' id='word_1_240' title='bbox 617 3431 758 3497; x_wconf 86' lang='lat' dir='ltr'>maxime</span> <span class='ocrx_word' id='word_1_241' title='bbox 780 3430 987 3513; x_wconf 84' lang='lat' dir='ltr'>admiratur,</span> <span class='ocrx_word' id='word_1_242' title='bbox 1015 3429 1106 3519; x_wconf 89' lang='lat' dir='ltr'>quod</span> <span class='ocrx_word' id='word_1_243' title='bbox 1128 3453 1189 3518; x_wconf 91' lang='lat' dir='ltr'>per</span> 
     </span>
     <span class='ocr_line' id='line_1_32' title="bbox 31 3521 1189 3627; baseline -0.008 -19"><span class='ocrx_word' id='word_1_244' title='bbox 31 3521 38 3541; x_wconf 68' lang='grc'><strong>’</strong></span> <span class='ocrx_word' id='word_1_245' title='bbox 104 3560 201 3607; x_wconf 90' lang='lat' dir='ltr'>omne</span> <span class='ocrx_word' id='word_1_246' title='bbox 223 3538 388 3626; x_wconf 91' lang='lat' dir='ltr'>spatium,</span> <span class='ocrx_word' id='word_1_247' title='bbox 416 3558 482 3623; x_wconf 84' lang='lat' dir='ltr'>quo</span> <span class='ocrx_word' id='word_1_248' title='bbox 499 3559 517 3603; x_wconf 88' lang='lat' dir='ltr'>s</span> <span class='ocrx_word' id='word_1_249' title='bbox 533 3534 657 3627; x_wconf 88' lang='lat' dir='ltr'>piratis</span> <span class='ocrx_word' id='word_1_250' title='bbox 673 3541 824 3605; x_wconf 88' lang='lat' dir='ltr'>retentus</span> <span class='ocrx_word' id='word_1_251' title='bbox 846 3536 912 3617; x_wconf 92' lang='lat' dir='ltr'>sit,</span> <span class='ocrx_word' id='word_1_252' title='bbox 940 3557 1111 3624; x_wconf 86' lang='lat' dir='ltr'>nunquam</span> <span class='ocrx_word' id='word_1_253' title='bbox 1130 3556 1189 3599; x_wconf 91' lang='lat' dir='ltr'>ne-</span> 
     </span>
     <span class='ocr_line' id='line_1_33' title="bbox 104 3639 1189 3733; baseline -0.006 -24"><span class='ocrx_word' id='word_1_254' title='bbox 104 3664 171 3733; x_wconf 85' lang='lat' dir='ltr'>que</span> <span class='ocrx_word' id='word_1_255' title='bbox 192 3648 290 3708; x_wconf 88' lang='lat' dir='ltr'>noete</span> <span class='ocrx_word' id='word_1_256' title='bbox 309 3662 417 3730; x_wconf 84' lang='lat' dir='ltr'>neque</span> <span class='ocrx_word' id='word_1_257' title='bbox 437 3640 492 3729; x_wconf 82' lang='lat' dir='ltr'>die</span> <span class='ocrx_word' id='word_1_258' title='bbox 510 3652 570 3708; x_wconf 90' lang='lat' dir='ltr'>ant</span> <span class='ocrx_word' id='word_1_259' title='bbox 587 3639 831 3707; x_wconf 85' lang='lat' dir='ltr'>sxealeiaretur</span> <span class='ocrx_word' id='word_1_260' title='bbox 851 3648 911 3708; x_wconf 91' lang='lat' dir='ltr'>aut</span> <span class='ocrx_word' id='word_1_261' title='bbox 925 3639 1189 3724; x_wconf 80' lang='lat' dir='ltr'>discingeretur3</span> 
     </span>
     <span class='ocr_line' id='line_1_34' title="bbox 105 3742 1190 3834; baseline -0.014 -15"><span class='ocrx_word' id='word_1_262' title='bbox 105 3746 202 3819; x_wconf 80' lang='lat' dir='ltr'>ouius</span> <span class='ocrx_word' id='word_1_263' title='bbox 215 3747 265 3814; x_wconf 91' lang='lat' dir='ltr'>rei</span> <span class='ocrx_word' id='word_1_264' title='bbox 279 3745 363 3814; x_wconf 86' lang='lat' dir='ltr'>hono</span> <span class='ocrx_word' id='word_1_265' title='bbox 375 3746 488 3813; x_wconf 88' lang='lat' dir='ltr'>neseio</span> <span class='ocrx_word' id='word_1_266' title='bbox 504 3743 671 3834; x_wconf 88' lang='lat' dir='ltr'>quomodo</span> <span class='ocrx_word' id='word_1_267' title='bbox 685 3766 820 3811; x_wconf 87' lang='lat' dir='ltr'>eausam</span> <span class='ocrx_word' id='word_1_268' title='bbox 835 3744 952 3826; x_wconf 87' lang='lat' dir='ltr'>affert,</span> <span class='ocrx_word' id='word_1_269' title='bbox 970 3767 1012 3810; x_wconf 92' lang='lat' dir='ltr'>ne</span> <span class='ocrx_word' id='word_1_270' title='bbox 1032 3742 1065 3808; x_wconf 90' lang='lat' dir='ltr'>si</span> <span class='ocrx_word' id='word_1_271' title='bbox 1083 3762 1190 3829; x_wconf 87' lang='lat' dir='ltr'>qusn-</span> 
     </span>
     <span class='ocr_line' id='line_1_35' title="bbox 105 3846 1190 3939; baseline -0.009 -20"><span class='ocrx_word' id='word_1_272' title='bbox 105 3851 151 3920; x_wconf 91' lang='lat' dir='ltr'>do</span> <span class='ocrx_word' id='word_1_273' title='bbox 173 3849 304 3939; x_wconf 85' lang='lat' dir='ltr'>aliquid</span> <span class='ocrx_word' id='word_1_274' title='bbox 329 3872 371 3917; x_wconf 84' lang='lat' dir='ltr'>ex</span> <span class='ocrx_word' id='word_1_275' title='bbox 399 3849 502 3917; x_wconf 88' lang='lat' dir='ltr'>solito</span> <span class='ocrx_word' id='word_1_276' title='bbox 521 3852 687 3932; x_wconf 87' lang='lat' dir='ltr'>variaret,</span> <span class='ocrx_word' id='word_1_277' title='bbox 712 3858 891 3938; x_wconf 75' lang='lat' dir='ltr'>suspectus</span> <span class='ocrx_word' id='word_1_278' title='bbox 914 3850 977 3930; x_wconf 88' lang='lat' dir='ltr'>iis,</span> <span class='ocrx_word' id='word_1_279' title='bbox 1004 3846 1062 3935; x_wconf 86' lang='lat' dir='ltr'>qui</span> <span class='ocrx_word' id='word_1_280' title='bbox 1082 3846 1190 3911; x_wconf 87' lang='lat' dir='ltr'>oeulis</span> 
     </span>
     <span class='ocr_line' id='line_1_36' title="bbox 107 3948 1190 4045; baseline -0.011 -20"><span class='ocrx_word' id='word_1_281' title='bbox 107 3953 338 4024; x_wconf 86' lang='lat' dir='ltr'>tantummodo</span> <span class='ocrx_word' id='word_1_282' title='bbox 360 3974 437 4021; x_wconf 84' lang='lat' dir='ltr'>eum</span> <span class='ocrx_word' id='word_1_283' title='bbox 456 3951 685 4045; x_wconf 69' lang='lat' dir='ltr'>custodirent,</span> <span class='ocrx_word' id='word_1_284' title='bbox 706 3955 806 4022; x_wconf 81' lang='lat' dir='ltr'>toret.</span> <span class='ocrx_word' id='word_1_285' title='bbox 849 3951 1075 4041; x_wconf 87' lang='lat' dir='ltr'>Sedprorsus</span> <span class='ocrx_word' id='word_1_286' title='bbox 1093 3948 1190 4014; x_wconf 82' lang='lat' dir='ltr'>iabu-</span> 
     </span>
     <span class='ocr_line' id='line_1_37' title="bbox 104 4054 1191 4148; baseline -0.01 -18"><span class='ocrx_word' id='word_1_287' title='bbox 104 4060 216 4130; x_wconf 87' lang='lat' dir='ltr'>losum</span> <span class='ocrx_word' id='word_1_288' title='bbox 238 4059 418 4148; x_wconf 83' lang='lat' dir='ltr'>tietnmque</span> <span class='ocrx_word' id='word_1_289' title='bbox 438 4065 596 4146; x_wconf 86' lang='lat' dir='ltr'>putamus</span> <span class='ocrx_word' id='word_1_290' title='bbox 614 4078 682 4146; x_wconf 77' lang='lat' dir='ltr'>quo</span> <span class='ocrx_word' id='word_1_291' title='bbox 697 4055 840 4126; x_wconf 82' lang='lat' dir='ltr'>artifieio</span> <span class='ocrx_word' id='word_1_292' title='bbox 855 4054 1052 4148; x_wconf 81' lang='lat' dir='ltr'>Polyaenus</span> <span class='ocrx_word' id='word_1_293' title='bbox 1072 4059 1191 4144; x_wconf 81' lang='lat' dir='ltr'>coptos</span> 
     </span>
    </p>
   </div>
   <div class='ocr_carea' id='block_1_3' title="bbox 0 0 1313 4688">
    <p class='ocr_par' dir='ltr' id='par_1_3' title="bbox 0 0 1313 4688">
     <span class='ocr_line' id='line_1_38' title="bbox 0 0 1313 4688; baseline 0 0"><span class='ocrx_word' id='word_1_294' title='bbox 0 0 1313 4688; x_wconf 95' lang='lat' dir='ltr'> </span> 
     </span>
    </p>
   </div>
  </div>
 </body>
</html>
